3000 4934
265 1299 333 1372 DE
360 1296 710 1372 ISOELERIBUS⁸
742 1296 807 1370 ΕΤ
835 1296 1135 1372 TORMENTIS.

426 1522 638 1632 LIBER
675 1519 970 1636 SEXTUS..

168 1775 198 1839 Ι.
214 1773 428 1839 TITULUS:
457 1773 521 1838 DE
545 1772 953 1840 AOOUSATIONIBUS
978 1772 1232 1838 ORIMINUM.

232 1916 262 1980 Ι.
297 1915 347 1980 Ut
377 1916 516 1980 domino
550 1914 607 1980 vel
641 1915 833 1980 senioribus
867 1915 936 1979 loci
969 1917 1110 1999 petetur
1146 1933 1262 1978 servus

299 2005 361 2068 in*
390 2004 532 2069 erimine
556 2006 776 2068 ueeusutw.

214 2092 263 2156 ΙΙ.
298 2092 366 2157 Pro
382 2092 507 2175 quibus
524 2091 627 2156 rebus
650 2094 686 2156 et
709 2091 858 2174 qualiter
872 2090 1103 2174 ingenuorum
1118 2109 1261 2175 persone

301 2180 480 2246 subdende
503 2183 585 2244 sunt
607 2178 790 2263 questioni.

195 2267 265 2332 ΙΙΙ.
300 2268 367 2332 Pro
402 2268 527 2353 quibus
556 2268 659 2333 rebus
689 2271 725 2333 et
754 2266 904 2352 qualiter
933 2267 1022 2332 servi
1050 2266 1107 2333 vel
1136 2265 1262 2332 ancille

301 2357 487 2442 torquendi
509 2360 591 2421 sunt
613 2357 651 2421 in
675 2357 788 2443 cupite
812 2356 1039 2422 dominorum.

175 2445 265 2510 IIII.
300 2446 368 2511 Pro
383 2446 523 2531 quentis
538 2446 641 2511 rebus
664 2448 700 2512 et
723 2444 874 2530 qualiter
893 2464 1009 2511 servus
1033 2448 1095 2509 aut
1117 2444 1263 2511 libertus

300 2537 475 2600 tormenta
497 2535 697 2620 p.01tnbunt

222 2622 264 2686 V.
301 2621 460 2703 Qualiter
483 2625 528 2690 ed
520 2644 667 2749 bregem
691 2622 865 2688 eeeusutio
889 2623 1077 2689 deferetur

202 2711 264 2775 VI.
299 2711 353 2778 De
377 2704 537 2778 servatab
565 2711 778 2798 principibus
802 2710 932 2799 pietute
955 2711 1130 2797 parcendi

182 2799 265 2864 VII.
301 2799 403 2880 Quod
431 2800 492 2866 ille
523 2800 616 2866 solus
647 2800 848 2887 culperilis⁰
881 2800 960 2878 erit,
996 2800 1057 2884 qui
1091 2799 1265 2884 culpanda

302 2889 510 2956 conmiserit.

569 3075 594 3133 L
623 3074 837 3146 inmune.

143 3189 199 3253 Ut
222 3187 395 3252 domino
418 3187 487 3253 vel
511 3186 764 3253 senioribus
791 3186 879 3252 loei
906 3190 1087 3272 petetur
1114 3206 1264 3253 servus

436 3276 481 3340 in
510 3276 693 3342 crimine
723 3279 967 3341 accusetur.

251 3380 288 3446 Si
310 3401 428 3447 servus
450 3382 488 3446 in
503 3381 620 3467 ulique
643 3382 786 3448 erimine
810 3385 1000 3460 ueeusetur,
1023 3383 1128 3448 iudex
1146 3374 1261 3466 prinub

144 3471 330 3548 dominum,
361 3470 504 3536 vilieum
532 3469 588 3536 vel
618 3474 771 3537 ueterem
801 3471 874 3537 eius
904 3470 986 3548 leci,
1020 3470 1119 3536 cuius
1149 3489 1266 3536 servus

143 3559 251 3626 fuerit
272 3562 464 3638 reametur,
488 3560 683 3638 admoneat,
708 3563 749 3624 ut
771 3581 851 3626 eum
874 3561 912 3625 in
933 3560 1063 3625 iudicio
1078 3561 1264 3645 presentet.

144 3647 245 3728 Quod
267 3647 297 3713 si
319 3668 416 3714 reum
432 3651 631 3734 presentare
645 3648 808 3727 noluerit,
832 3649 906 3734 ipre
922 3649 1081 3714 dominus
1096 3647 1153 3713 vel
1168 3651 1266 3714 uetur

143 3740 204 3801 aut
226 3736 359 3815 vilium,
383 3738 494 3804 donee
515 3758 614 3803 reum
636 3741 823 3822 presentet,
848 3759 869 3803 u
891 3738 1017 3804 eomite
1040 3737 1191 3802 civitatis
1208 3736 1265 3802 vel

143 3826 256 3893 iudice
284 3825 523 3911 distringetur.
571 3825 672 3893 Certe
695 3827 725 3892 si
748 3826 917 3905 dominus,
946 3826 1002 3892 vel
1029 3826 1154 3910 quibus
1178 3845 1264 3890 eom·

143 3915 246 3979 missu
262 3935 318 3980 ree
333 3918 396 3993 est,
421 3914 612 3981 difficulter
635 3916 885 4001 adproximent
909 3935 931 3980 e
952 3915 1066 3981 iudice
1090 3918 1126 3980 et
1148 3917 1265 3980 tenen·

143 4003 207 4067 dus
231 4005 267 4069 et
290 4003 527 4069 discutiendus
551 4007 604 4070 est
627 4024 753 4070 servus.

249 4208 427 4254 uruvu
412 4208 697 4262 >sunamiten

249 4262 395 4307 rruu
380 4263 481 4312 serm
480 4263 665 4308 ...ωιααιιι
719 4263 809 4312 pun
809 4261 932 4308 muer.
987 4262 1205 4315 ee.)u1p·t11nm

248 4314 322 4360 ιι
308 4316 464 4367 ..mm
518 4316 640 4368 inmun
613 4317 700 4361 narr
