3000 4934
252 371 305 424 242
400 365 478 420 LEX
497 365 611 422 VISIG.
630 362 900 421 REOOESSVIND.
936 361 1018 432 VIII,
1038 365 1180 431 3‚16.17;
1198 366 1224 419 4.

651 540 731 596 xm.
762 538 976 608 ANTIQUAa.

255 656 312 733 Si,
337 655 589 739 priusquam
613 652 907 736 expellantur,
932 652 1143 715 animalia
1167 653 1215 716 de
1238 653 1386 736 frugi·

658 742 735 805 bus
766 741 968 805 exierint.

362 849 399 912 si
433 850 589 912 iumenta
617 847 672 911 vel
707 868 831 931 pecora
866 846 908 910 de
943 839 1141 930 frugibusl‚
1178 847 1385 930 priusquam

255 938 483 1022 expellantur,
516 936 675 1012 exierint,
707 956 748 1000 ea
777 956 847 999 non
877 935 981 1000 liceat
1012 936 1259 1019 conprehendi,
1297 937 1385 1019 qnia

255 1030 372 1089 utrum
407 1027 482 1110 ipsa
517 1026 680 1088 damnum
715 1024 863 1088 fecerint
896 1024 1059 1088 nescitur.
1112 1024 1203 1087 Nam
1238 1025 1267 1087 si
1302 1044 1385 1088 eam

255 1116 337 1199 ipse,
368 1115 464 1178 cuius
488 1116 579 1189 sunt,
611 1116 672 1176 aut
695 1113 901 1195 quicumque
924 1113 1057 1176 ricinus
1082 1113 1297 1196 expellerit0,
1324 1114 1385 1176 do·

255 1204 368 1266 minus
403 1204 635 1279 iumentorum
665 1202 720 1265 vel
750 1221 913 1285 pecorum
943 1196 1226 1265 extimationem(l
1261 1200 1386 1264 damni

255 1292 387 1376 inplere
411 1295 564 1375 cogatur.

646 1425 741 1483 XVII.
772 1423 985 1493 ANTIQUAa.

258 1539 302 1603 si
325 1541 368 1602 in
391 1537 618 1602 fructibus
642 1537 852 1600 animalia
875 1542 1087 1621 perventa
1110 1559 1384 1621 quacumque

372 1627 536 1709 aliquis
565 1619 974 1690 detruncationemb
1002 1627 1263 1710 turpaverit.

365 1751 402 1814 Si
436 1750 548 1814 labia⁰
584 1750 765 1834 pecoribus
797 1750 872 1814 vel⁰
908 1770 1006 1814 aures
1041 1751 1101 1833 qui
1134 1751 1171 1813 in
1204 1751 1384 1814 fructibus
1430 1805 1444 1821 ,,

259 1841 329 1905 suis
353 1839 642 1923 conprehenderit
665 1839 835 1916 inciderit,
867 1839 938 1915 illa,
963 1859 1029 1922 que
1053 1839 1269 1917 deformavit,
1294 1840 1384 1903 obti-

257 1932 340 1994 neat
363 1932 399 1992 et
415 1929 553 1991 domino
569 1948 731 2010 pecorum
747 1927 817 1990 alia
832 1948 916 1990 sana
930 1928 1113 1992 restituere
1128 1948 1198 1991 non
1213 1931 1382 1992 moretur.

286 2229 377 2292 IIII.
394 2229 606 2294 TITULUS:
643 2228 705 2291 Da
737 2228 921 2291 DAMNIS
951 2177 1231 2292 INIMALIUM
1262 2229 1354 2292 VEL

549 2334 882 2400 DIVIIRSORUMa
908 2334 1083 2399 RERUM.

408 2475 436 2537 Ι.
473 2476 510 2539 Si
533 2475 687 2539 caballus
710 2475 766 2540 vel
790 2476 918 2539 animal
946 2476 1098 2540 alienum
1129 2479 1190 2539 aut
1220 2477 1263 2540 de
1291 2476 1387 2560 lega-

473 2557 584 2628 mineb
611 2564 776 2627 tollatur⁰
805 2568 867 2628 aut
891 2560 1008 2629 extra(l
1034 2565 1226 2629 volumtate
1250 2565 1387 2630 domini

472 2653 509 2716 in
532 2652 648 2736 aliquo
671 2654 851 2736 fatigetur.

387 2742 436 2804 II.
473 2741 509 2804 si
544 2743 727 2824 prestitum
762 2742 891 2805 animal
926 2745 1047 2806 eontra
1080 2742 1316 2807 definitionem
1348 2747 1387 2808 et

472 2831 718 2895 volumtatem⁰
749 2831 880 2894 domini
902 2831 1082 2914 fatigetur.

367 2919 437 2982 ΙΙΙ.
474 2918 511 2982 Si
545 2919 671 2984 caballi
706 2922 768 2983 aut
803 2919 1067 3002 cuiuscumque⁰
1096 2919 1253 2984 animalis
1284 2941 1388 2985 coma

472 3008 529 3072 vel
552 3009 663 3072 cauda
684 3011 858 3092 turpetur.

346 3097 437 3159 IIII.
473 3097 511 3160 Si
534 3097 685 3161 alienum
709 3097 837 3160 animal
860 3090 1053 3161 testiculisf
1080 3096 1269 3162 desecetur.

398 3186 437 3249 V.
474 3186 511 3249 Si
534 3187 681 3250 iumenti
703 3189 824 3270 partus
848 3187 1053 3250 excutiatur.

376 3274 437 3338 VI.
474 3274 511 3337 Si
535 3275 779 3357 cuiuscumque
809 3274 995 3337 animalisg
1024 3278 1144 3358 partus
1175 3275 1387 3339 excutiatur.

356 3363 438 3426 VII.
475 3363 511 3426 Si
546 3356 835 3446 qualiacumqueh
869 3362 1034 3426 animalia
1068 3364 1110 3427 ab
1145 3363 1258 3428 invice
1294 3383 1389 3448 ever·

473 3455 606 3516 tantur.

336 3540 436 3604 VIII.
473 3540 510 3603 Si
534 3541 697 3603 damnum
712 3539 768 3603 vel
792 3540 955 3603 iniuriam
977 3533 1184 3624 inpellente¹
1208 3533 1286 3604 auti
1311 3541 1389 3607 sine

475 3629 658 3691 damnum⁰
688 3628 839 3692 alienum
863 3628 992 3692 animal
1016 3629 1205 3693 occidatur.

315 3716 437 3780 VIIII.
475 3716 512 3779 Si
541 3711 631 3780 busk
665 3716 798 3780 alienus
833 3717 907 3781 sine
942 3711 1090 3781 domini¹
1124 3717 1390 3782 volumtatemm

475 3805 636 3888 operibus
659 3804 874 3888 subiugatur.

368 4031 427 4072 xvi.
474 4032 497 4077 a)
511 4031 568 4069 decet
581 4030 630 4071 122.
698 4030 721 4078 b)
735 4030 845 4070 fructibus
860 4031 909 4073 122.
977 4030 998 4082 c)
1012 4031 1126 4080 expulerit
1140 4032 1188 4074 er.
1257 4029 1281 4079 d)
1296 4031 1391 4073 milma-

262 4084 346 4123 tionem
360 4084 408 4125 122.

369 4137 439 4179 xvn.
480 4139 502 4184 a)
516 4137 572 4175 dccet
586 4137 635 4178 132.
693 4136 717 4185 b)
731 4135 904 4177 detruncatione
918 4137 967 4180 Rt.
1029 4140 1049 4186 c)
1063 4138 1148 4178 labium
1161 4148 1268 4187 pecorum
1281 4138 1389 4182 cutm.

368 4192 425 4233 ΤΙΤ.
440 4190 494 4232 1111.
535 4192 557 4238 s)
571 4191 603 4229 ua
616 4191 662 4232 121.
673 4190 692 4233 2.
752 4191 774 4239 b)
789 4191 886 4239 ligamen
900 4190 966 4230 tollat
979 4191 1028 4233 et.
1083 4194 1104 4240 c)
1118 4191 1203 4241 reliqua
1216 4191 1319 4230 rubricae
1327 4203 1392 4240 pare

261 4245 319 4283 decet
333 4245 381 4285 Bt.
436 4242 459 4292 d)
474 4255 502 4283 ex
516 4245 563 4286 Bl.
617 4246 638 4292 e)
653 4243 824 4292 qualiscumque
837 4245 884 4286 121.
938 4244 1086 4295 menticulos
1101 4245 1150 4288 Bt.
1203 4247 1226 4293 g)
1240 4245 1324 4285 enimsi
1338 4246 1390 4288 131.

262 4298 286 4346 h)
300 4298 475 4346 qualienumque
489 4298 541 4348 1313
563 4297 721 4345 qualicumque
735 4296 785 4339 Rii.
838 4297 855 4346 i)
868 4297 982 4347 lnpellunt
995 4301 1021 4337 ut
1038 4308 1066 4338 ee
1079 4297 1132 4349 1213
1154 4297 1278 4347 inpellente
1292 4298 1391 4343 enRt.

262 4351 286 4398 k)
301 4352 340 4390 boe
355 4351 403 4392 122.
457 4350 474 4403 l)
488 4351 544 4389 dccet
558 4352 615 4397 Ιίῑ.7
658 4352 689 4398 m)
703 4350 883 4393 voluntateRit.
