3000 4934
224 391 230 399 .
259 346 294 400 96
454 341 533 396 LEX
549 340 953 398 vis10.1cacoassvm1a
989 339 1044 408 111,
1063 344 1089 408 2,
1107 343 1186 397 5-7.

691 517 727 573 v.
758 516 942 587 anricus.

260 629 303 693 Si
346 630 606 713 quicumque
649 649 773 693 seruo
817 629 963 692 alieno
1006 626 1215 692 ancillam
1260 647 1382 691 suam

280 718 348 783 vel
379 739 502 783 servo
533 738 608 781 suo
638 717 827 781 alienam
857 717 1098 799 coniungat
1128 714 1349 780 ancillam.

366 821 579 907 Quicumque
610 823 772 888 ancillam
801 842 898 886 suam
928 842 1024 885 servo
1055 821 1168 885 alieno
1198 820 1271 885 sine
1302 841 1381 885 con-

259 911 423 976 scientiaa
451 911 581 975 domini
604 911 657 975 sui
679 930 821 974 uxorem
845 910 988 986 dederit,
1020 912 1056 973 et
1083 910 1149 973 hoc
1177 910 1279 974 certis
1302 931 1380 993 pro·

259 1000 455 1063 bationibus
478 999 683 1075 inveniatur,
709 999 867 1062 dominus
891 997 979 1062 servi
995 997 1157 1062 ancillam
1172 997 1282 1082 ipsam
1298 1019 1381 1061 cum

258 1087 338 1150 filiis
362 1086 582 1150 omnismodis
606 1087 675 1150 suis
697 1079 925 1151 vindicavitl.
974 1085 1140 1150 Similiter
1170 1089 1207 1150 et
1236 1086 1279 1149 de
1306 1086 1380 1150 illis

259 1174 465 1250 ordinamus,
490 1174 549 1257 qui
573 1195 669 1239 servo
693 1194 755 1238 suo
778 1175 940 1238 ancillam
964 1173 1112 1238 alienam
1130 1173 1378 1251 coniuncxerit‚

258 1266 298 1325 ut
322 1262 528 1327 conditionis
551 1263 615 1327 hec
638 1264 750 1327 forma
773 1266 938 1328 servetur.

684 1451 735 1509 vr.
766 1449 950 1520 auricus.

281 1563 324 1626 Si
352 1563 510 1627 mulier
540 1562 842 1713 absentedviro
872 1562 1007 1625 alium
1037 1561 1124 1625 sibi
1153 1562 1356 1625 maritum

711 1672 733 1714 a
771 1653 920 1714 sumat.

363 1756 472 1820 Nulla
499 1756 623 1821 mulier
649 1756 722 1820 viro
751 1776 812 1820 suo
840 1757 982 1820 absente
1013 1756 1114 1821 alteri
1141 1756 1214 1820 viro
1242 1776 1278 1820 se
1305 1776 1379 1840 pre·

258 1847 371 1909 sumat
387 1845 603 1928 coniungere,
620 1865 728 1927 usque
745 1845 848 1907 duma
869 1844 911 1908 de
926 1844 999 1908 viro
1016 1864 1077 1908 suo
1094 1845 1196 1909 certis
1213 1848 1380 1928 agnoscat

257 1934 402 2010 indiciis,
435 1934 462 1997 si
492 1954 571 1999 vere
602 1936 758 1997 mortuus
788 1933 904 1996 fuerit.
953 1930 1053 2011 Quod
1076 1932 1235 1997 similiter
1258 1935 1293 1996 et
1315 1933 1378 1998 ille

257 2023 418 2105 inquirat,
450 2022 509 2105 qui
539 2042 614 2086 eam
645 2021 711 2085 sibi
737 2021 813 2085 vult
842 2021 880 2083 in
908 2021 1068 2104 coniugio
1097 2014 1292 2105 copulareb.
1340 2021 1379 2084 Si

256 2131 336 2175 vero
367 2111 432 2175 hoc
462 2111 576 2174 facere
607 2109 807 2174 distulerint
837 2112 873 2173 et
901 2109 949 2173 sic
979 2113 1033 2173 se⁰
1063 2109 1199 2174 inlicita
1228 2129 1379 2193 presum-

256 2199 351 2262 tioue
367 2198 636 2274 coniuncxerint
662 2201 697 2262 et
719 2197 939 2282 postmodum
954 2197 1048 2281 prior
1063 2197 1208 2261 maritus
1223 2216 1379 2262 reversus

257 2286 373 2362 fuerit,
405 2286 505 2349 ambo
529 2287 561 2350 ei
583 2287 620 2348 in
643 2289 816 2369 potestate
839 2285 1033 2362 tradantur,
1064 2289 1114 2363 ut,
1146 2287 1237 2368 quod
1261 2287 1303 2350 de
1328 2287 1378 2350 eis

257 2373 371 2437 facere
393 2373 552 2449 voluerit,
584 2394 645 2438 seu
674 2368 872 2451 vindendil,
904 2393 965 2438 seu
994 2373 1078 2456 quid
1107 2373 1196 2437 aliut
1224 2374 1379 2439 faciendi

257 2461 385 2526 habeat
408 2464 627 2545 potestatem.

464 2630 531 2689 VH.
562 2631 729 2688 FLAVIUS
748 2631 1063 2688 omnesvmous
1081 2631 1169 2689 REX.

258 2743 300 2807 Si
330 2744 509 2820 domini,
541 2764 687 2808 servos
716 2764 815 2808 suos
843 2765 935 2809 esse
964 2745 1231 2808 mentientes
1258 2743 1379 2827 inge·

293 2852 416 2910 nuos,
445 2832 707 2897 mulieribus
731 2853 801 2898 eos
826 2834 1098 2916 coniungant
1122 2832 1338 2916 ingenuis.

362 2938 606 3004 Resistendum
636 2941 689 3004 est
718 2960 901 3023 pravorum
932 2939 1085 3016 ausibus,
1120 2958 1164 3002 ne
1196 2938 1379 3022 prauitatis

257 3027 404 3111 amplius
433 3028 533 3092 frena
562 3027 732 3092 laxentur.
778 3027 939 3110 Plerique
970 3028 1071 3104 enim,
1102 3027 1217 3091 studio
1248 3026 1378 3110 cupidi·

256 3116 340 3180 tatis
362 3116 491 3194 inlecti,
524 3116 636 3180 solent
658 3117 834 3181 interdum
857 3116 1019 3180 mulieres
1041 3116 1209 3199 ingenuas
1232 3114 1377 3199 puellas-

256 3225 322 3288 que
357 3225 461 3289 prave
492 3205 662 3289 decipere,
699 3209 755 3269 et³
789 3205 992 3270 simulantes
1022 3204 1067 3268 ad
1096 3207 1233 3287 tempus
1263 3222 1377 3267 servos

257 3314 335 3357 suos
359 3314 431 3359 esse
454 3295 631 3378 ingenuos,
657 3287 837 3358 ertanturb
861 3313 919 3358 eas
942 3293 1083 3356 maritos
1107 3292 1187 3356 illos
1211 3291 1375 3375 accipere,

257 3402 341 3464 quos
364 3386 493 3466 postea,
518 3382 609 3445 natis
625 3383 790 3466 prolibus,
814 3383 851 3445 in
874 3381 1096 3447 servitutem⁰
1116 3380 1220 3445 facile
1244 3380 1377 3465 possint

255 3470 429 3536 reducere.
475 3470 525 3535 Ut
548 3491 629 3554 ergo
652 3471 785 3534 fraudis
808 3471 911 3533 huius
935 3470 1051 3534 aditus
1075 3469 1275 3553 extirpetur,
1304 3487 1376 3552 pre-

257 3559 347 3623 senti
369 3553 517 3642 iugiterd
536 3578 698 3621 mansura
720 3559 796 3641 lege
820 3559 1021 3637 sanccimus,
1045 3561 1087 3621 ut
1105 3559 1304 3642 deceptores
1325 3555 1378 3620 rei

256 3646 356 3709 istius
380 3647 562 3710 manifeste
587 3646 716 3710 detecti
740 3647 901 3711 crimine⁰
926 3650 1111 3711 notentur⁰
1139 3645 1316 3722 iniamie⁰‚
1341 3647 1377 3709 et

256 3733 323 3811 illi,
360 3754 444 3816 quos
478 3734 541 3797 sub
575 3734 714 3798 nomine
748 3735 974 3818 ingenuitatis
1005 3735 1190 3799 antedictis
1222 3733 1377 3818 personis

257 3821 501 3905 repperiuntur
517 3821 717 3900 adsociasse‚
742 3823 791 3888 sic
814 3823 956 3907 ingenui
971 3844 1050 3888 cum
1066 3822 1146 3887 filiis
1170 3823 1240 3887 suis
1260 3841 1377 3906 peren·

256 3910 348 3974 niter
371 3913 542 3988 maneant,
567 3911 657 3975 sicut
680 3931 737 3976 eos
759 3905 933 3996 ipsorumf
961 3913 1091 3976 domini
1113 3912 1281 3995 ingenuos
1303 3929 1377 3994 pro-

364 4101 390 4142 V.
431 4103 454 4148 a)
468 4101 629 4141 conscientiam
643 4102 689 4143 ΕΙ.
742 4102 766 4149 b)
780 4101 906 4142 vindicabit
919 4102 968 4145 Rs.

364 4154 402 4195 VI.
436 4155 584 4202 ameralli.
631 4154 966 4204 b)copu111,ubilsredeat.
1013 4157 1034 4204 c)
1048 4155 1213 4204 (tumendum
1226 4152 1377 4195 clauim.

258 4204 281 4254 d)
295 4205 478 4312 vemillliw'a)
492 4257 522 4300 sd
536 4261 582 4304 121.
645 4261 668 4309 b)
683 4261 803 4300 notantur
817 4261 865 4303 ΒΞ.
926 4260 947 4304 cl
961 4261 1072 4301 servitute
1086 4262 1133 4304 121.
1194 4258 1218 4309 d)
1231 4260 1317 4309 higitur
1330 4259 1378 4301 121.

257 4312 279 4364 e)
293 4313 378 4353 crimen
393 4311 501 4354 dotentur
514 4315 561 4356 111.
614 4314 633 4361 s)
646 4314 707 4364 ipsos
721 4315 773 4365 1213
793 4324 831 4353 eos
845 4314 901 4352 deest
915 4315 936 4353 Β
944 4314 963 4356 2.
