3000 4934
403 368 482 423 Lux
500 366 616 425 VISIG.
634 365 904 424 Ruucnssvnvn.
940 366 964 438 I,
985 369 1010 436 1,
1028 369 1107 424 5-9.
1276 371 1311 424 29

190 555 231 618 V.
268 553 421 633 Qualis
450 552 535 617 erit
562 553 607 615 in
635 551 937 616 consiliando⁸
964 552 1131 616 artifex
1157 551 1311 634 legum.

296 677 373 742 Erit
395 679 432 741 in
456 669 684 741 adventioneb
705 675 779 740 Deo
803 676 957 759 sibique⁰
977 676 1220 740 tantummodo
1236 695 1312 739 con·

189 769 289 844 scius,
315 761 479 831 oonsiliod
498 760 636 851 probis‘l
663 768 699 829 et
721 766 835 849 parvis
859 765 1042 842 admixtus,
1067 766 1216 829 adsensu
1234 764 1312 828 civi-

189 857 253 921 bus
288 855 513 940 populisque⁰
546 855 741 932 conmunis;
777 857 819 917 ut
854 854 966 919 aliene
1001 855 1154 938 provisor
1188 853 1311 918 salutis

189 937 423 1009 commodiusf
450 964 491 1009 ex
513 942 701 1008 universali
730 963 898 1007 consensu
921 946 1079 1007 exerceat
1102 942 1312 1025 gubernacu-

189 1034 296 1111 lum⁸‚
321 1054 424 1116 quam
446 1033 585 1117 ingerat
608 1052 650 1097 ex
673 1032 841 1116 singulari
864 1035 1037 1116 potestate
1060 1031 1237 1094 iudicium.

218 1212 279 1275 VI.
316 1210 469 1290 Qualis
493 1211 579 1274 erit
602 1210 646 1273 in
670 1209 914 1292 eloquendo
938 1209 1106 1274 artifex
1128 1209 1282 1290 legum.

297 1334 373 1399 Erit
402 1334 610 1398 concionans
634 1332 770 1416 eloquio
794 1333 917 1409 clarus,
949 1334 1124 1398 sententia
1152 1354 1223 1398 non
1254 1334 1312 1396 du·

190 1424 281 1500 bins,
313 1423 490 1488 evidentia
518 1421 658 1508 plenus;
694 1426 749 1500 ut,
786 1422 955 1505 quidquid
984 1427 1046 1487 exa
1080 1422 1185 1506 legali
1214 1422 1312 1487 fonte

190 1505 396 1597 prodieritl,
428 1512 464 1575 in
493 1511 614 1575 rivulis
643 1512 861 1576 audientium
890 1511 964 1576 siue
994 1512 1228 1576 retardatione
1259 1511 1312 1575 de·

190 1605 321 1679 currat,
351 1603 534 1683 totumque
564 1600 624 1683 qui
654 1601 804 1665 audierit
833 1601 884 1664 ita
914 1603 1112 1684 cognoscat,
1143 1602 1184 1664 ut
1213 1600 1313 1664 nulla

189 1691 282 1754 hunc
307 1689 497 1754 difficultas
522 1689 667 1754 dubium
688 1690 824 1755 reddat.

189 1849 271 1913 VII.
308 1848 461 1928 Qualis
490 1850 576 1914 erit
603 1850 647 1913 in
675 1849 941 1914 iudicandoa
969 1849 1135 1914 artifex
1157 1848 1311 1932 legum.

296 1973 372 2037 Erit
395 1974 552 2038 iudicans
576 1974 613 2036 in
628 1966 848 2055 indagandob
867 1974 978 2050 vivax,
1002 1974 1040 2036 in
1055 1973 1306 2057 preveniendo⁰

189 2063 286 2141 fixus,
310 2063 348 2126 in
364 2063 582 2128 decernendo
604 2057 697 2127 non‘¹
716 2063 848 2138 auxius,
872 2063 910 2124 in
933 2062 1158 2147 percutiendo
1177 2080 1310 2145 pareus,

189 2153 226 2215 in
242 2152 415 2236 parcendo
438 2151 614 2227 adsiduae,
638 2151 675 2214 in
690 2151 877 2215 innocente
892 2151 1028 2228 vindex,
1053 2151 1090 2212 in
1110 2150 1213 2214 noxio
1228 2151 1312 2213 tem·

189 2243 340 2325 puratos,
370 2240 428 2307 inl
457 2240 589 2304 advena
612 2239 791 2316 sollicitus,
821 2239 859 2302 in
888 2232 1074 2322 indigenar
1100 2241 1311 2304 mansuetus.

189 2329 399 2393 Personamss
412 2331 552 2392 tantum
565 2321 718 2393 neseiath
734 2329 898 2413 accipere,
915 2332 1047 2411 quanto
1062 2332 1098 2394 et
1114 2330 1312 2393 contemnet

189 2417 354 2499 heligere.

226 2577 329 2642 VIII.
366 2577 520 2658 Qualis
543 2578 587 2641 in
611 2577 821 2663 publicis,
847 2578 993 2661 qualis
1016 2579 1060 2642 in
1084 2578 1274 2662 privatis

521 2668 608 2732 erit
631 2668 799 2733 artifex
821 2667 975 2752 legum.

295 2774 372 2839 Erit
415 2794 630 2858 quecumque
673 2778 756 2839 sunt
796 2774 962 2859 publioa⁸
1003 2773 1116 2860 patrio
1154 2777 1312 2839 recturus

189 2883 314 2941 amore,
338 2883 553 2947 quecumque
576 2863 712 2949 privata
734 2863 838 2928 herili
862 2864 1144 2949 dispensaturus⁸
1163 2882 1205 2928 ex
1219 2866 1312 2948 pote

189 2954 296 3029 state;
335 2956 377 3016 ut
410 2953 504 3017 hunc
538 2953 745 3018 universitas
780 2956 929 3038 patrem,
967 2945 1144 3038 parvitasb
1182 2952 1312 3017 habeat

190 3041 377 3118 dominum,
402 3042 518 3124 sicque
540 3040 707 3123 diligatur
729 3042 766 3104 in
780 3045 866 3119 toto,
891 3045 933 3105 ut
954 3042 1120 3107 timeatur
1142 3041 1180 3104 in
1195 3061 1310 3125 parvo,

190 3131 361 3210 quatenus
384 3132 421 3194 et
442 3128 561 3192 nullus
591 3129 673 3193 huic
701 3130 827 3195 servire
857 3133 991 3214 paveat,
1024 3133 1060 3195 et
1082 3149 1200 3194 omnes
1224 3149 1312 3193 amo·

190 3236 263 3281 rem
287 3216 380 3281 eius⁰
407 3220 518 3282 morte
542 3218 825 3302 conpensandum
848 3221 1022 3302 exoptent.

190 3375 314 3440 VIIII.
355 3374 476 3455 Quod
506 3377 608 3442 dare
639 3375 797 3442 debeat
824 3375 1000 3460 legibus
1028 3375 1312 3462 disciplinam

580 3466 746 3531 artifex
769 3466 922 3549 legum.

297 3572 393 3637 Tunc
417 3573 543 3638 deinde
566 3573 653 3639 sciet
675 3573 713 3638 in
736 3574 802 3638 hoc
821 3573 970 3638 maxime
985 3573 1112 3638 istare⁸
1130 3573 1312 3656 gravitatis

189 3661 329 3747 publice
358 3661 515 3747 gloriam,
545 3662 574 3726 si
598 3663 659 3728 det
680 3662 764 3748 ipsis
787 3661 923 3746 legibus
947 3661 1176 3748 disciplinam.
1221 3661 1313 3726 Nam

297 3835 324 3879 V.
357 3837 380 3884 a)
390 3833 554 3876 conelllsndum
563 3835 610 3879 let.
653 3835 723 3884 1))αα
732 3833 1179 3886 131.E1.2,·oorr.·dlnvenr10n0122.
1219 3834 1313 3883 umuti-

190 3898 235 3938 quo
248 3888 269 3927 Β
278 3890 301 3938 ¹3
316 3888 424 3938 utumque
434 3889 454 3927 Β
463 3889 484 3932 2.
536 3887 561 3938 d)
575 3889 670 3930 conellls
679 3887 788 3940 providus
798 3890 818 3928 Β
827 3889 847 3933 Ι.
901 3892 923 3939 o)
936 3889 1025 3940 populls
1034 3887 1109 3941 adque
1119 3889 1140 3928 Β
1150 3890 1169 3932 1.
1222 3888 1313 3936 ocum-

189 3939 269 3982 modns
284 3942 304 3980 Β
314 3943 334 3985 1.
387 3945 410 3993 g)
423 3943 576 3992 gubernacula
589 3943 638 3986 121.

298 3995 338 4039 VI.
377 3998 400 4044 ι)
413 4007 438 4036 οι
453 3996 503 4040 m.
556 3996 581 4047 b)
594 3998 626 4035 tto
639 3996 695 4045 Β1,·
708 3993 836 4046 prodlderll
850 3996 899 4040 M.
914 3996 992 4040 ΕΗ.

298 4048 349 4092 vn.
375 4051 398 4097 a)
411 4047 497 4090 ludlolo
508 4049 523 4092 l.
536 4049 557 4088 Β
566 4050 586 4092 8.
626 4049 649 4099 b)
664 4047 787 4091 lndlcando
796 4050 844 4093 Βι.
884 4052 906 4098 e)
919 4051 952 4088 tta
961 4049 1014 4099 Β1,·
1027 4045 1183 4099 perveniendo
1197 4048 1245 4092 ΒΞ.
1259 4048 1311 4099 m3

190 4098 346 4152 praevidendo
360 4103 409 4147 El.
469 4101 493 4152 d)
506 4103 563 4142 Meet
577 4103 598 4142 Β
607 4104 626 4146 1.
687 4106 709 4152 ο)
722 4103 747 4144 ln
761 4125 787 4133 -
801 4108 931 4144 namnetas
945 4104 989 4146 doe,
1003 4102 1024 4141 Β
1034 4104 1052 4147 1,
1112 4099 1258 4152 olndegenu
1267 4112 1313 4151 pro

191 4155 215 4196 ln
229 4153 337 4206 lndlgena
350 4156 371 4195 Β
380 4157 400 4200 Β.
453 4159 476 4207 ς)
490 4167 599 4207 personas
613 4157 634 4196 Β
643 4158 662 4200 1.
716 4156 742 4204 h)
755 4157 843 4197 neseiat
855 4157 876 4196 Β
886 4158 904 4199 1.

297 4210 362 4252 VIII.
401 4209 425 4262 ι)
441 4210 533 4260 publio·
546 4231 573 4240 -
587 4208 758 4260 dispensaturus
773 4210 821 4253 El.
835 4210 859 4261 25
880 4209 972 4259 publica
989 4209 1064 4260 petris
1077 4220 1099 4261 q.
1112 4219 1134 4259 p.
1148 4208 1194 4249 ortt
1207 4212 1314 4258 pumtu-

191 4272 229 4302 ru·
239 4262 291 4314 1315
306 4263 398 4314 publica
406 4264 567 4313 pulueream
576 4275 597 4308 ι.
606 4275 628 4314 q.
637 4263 729 4315 privetu
738 4263 782 4304 ortt
792 4263 825 4303 llll
835 4261 1007 4314 dlrponneturus
1016 4263 1037 4302 Β
1046 4263 1066 4307 Ι.
1113 4263 1136 4311 b)
1145 4261 1257 4312 petrolus
1266 4261 1314 4305 121.

192 4317 213 4363 c)
226 4316 306 4356 mellus
320 4321 416 4357 monem
431 4317 450 4356 Β
461 4319 479 4360 1.

298 4369 374 4413 VIIII.
413 4372 436 4419 a)
449 4371 482 4410 tta
495 4369 545 4414 Bi.
558 4370 579 4414 Β.
