3000 4934
349 339 427 395 LEX
446 338 560 397 VISIG.
578 339 847 398 REOORSSVIND.
883 339 938 409 ΙΠ,
956 343 983 409 4,
997 344 1110 399 14-·17.
1241 344 1293 398 109

170 523 403 590 conmixtione
426 522 601 607 polluerit,
632 523 662 588 si
690 523 861 607 ingenuus
890 527 951 600 est,
983 527 1122 589 centum
1146 523 1294 607 flagellis

171 632 268 679 cesus
291 611 346 676 illi
368 611 542 689 continuo,
575 612 631 676 cui
653 610 825 676 violentus
850 613 976 685 extitit,
1008 613 1196 677 serviturus
1226 615 1293 675 tra·

171 702 290 778 datum
322 719 439 765 servus
466 720 548 764 vero
578 701 832 784 conprehensus
861 723 881 765 a
908 701 1022 766 iudice
1049 701 1188 785 ignibus
1217 720 1294 765 con-

137 847 143 861 .
171 792 353 856 cremetur.

590 905 656 963 xv.
687 905 870 977 ANTIQUA.

172 1020 216 1085 Si
257 1020 475 1104 ingenuus
520 1019 610 1084 sive
653 1040 803 1086 servus
847 1021 1075 1085 nesciente
1121 1020 1294 1084 domino

172 1108 360 1174 alienam
388 1108 740 1173 consentientem
768 1108 1046 1173 adulterasse
1075 1110 1294 1173 convinci·

570 1199 643 1260 tur
673 1197 891 1262 ancillam.

279 1302 316 1367 Si
339 1305 437 1367 extra
460 1302 600 1367 domum
624 1304 754 1367 domini
777 1304 831 1367 sui
854 1323 890 1368 se
914 1302 1085 1369 adulterio
1100 1303 1219 1368 volens
1238 1325 1294 1367 an·

172 1391 274 1456 oillaa
312 1391 487 1455 miscuisse
526 1391 751 1469 convincitur,
790 1393 827 1455 in
866 1384 1012 1456 ancillall
1051 1393 1294 1456 tantummodo

170 1479 371 1545 vindicandi
394 1479 553 1543 dominus
572 1480 700 1545 habeat
715 1484 934 1564 potestatem.
975 1480 1011 1544 si
1027 1500 1106 1545 vero
1122 1480 1293 1564 ingenuus

172 1572 234 1632 aut
256 1588 374 1633 servus
397 1588 476 1633 cum
500 1568 627 1632 ancilla
650 1589 691 1633 ex
715 1589 882 1635 consensu
904 1570 941 1633 in
958 1569 1059 1635 domo
1084 1570 1214 1634 domini
1238 1591 1293 1634 an·

172 1656 271 1721 cille⁰
303 1657 548 1741 repperiuntur
580 1657 668 1721 talia
702 1658 912 1735 conmisisse,
947 1659 1119 1742 ingenuus
1154 1658 1294 1741 quidem

172 1766 235 1829 pro
257 1739 439 1809 idoneam<l
466 1745 628 1810 ancillam
653 1747 781 1830 absque
803 1747 967 1811 infamiae
989 1748 1169 1812 everbera
1191 1747 1292 1823 ferat,

172 1854 234 1918 pro
257 1833 416 1899 inferiori
438 1853 518 1898 vero
541 1845 581 1912 L;
606 1855 722 1899 servus
746 1839 862 1900 autem
885 1846 932 1902 011
954 1835 1094 1919 flagella
1117 1837 1293 1920 suscipiat.

581 2039 661 2097 xva
692 2039 877 2111 numqua

203 2152 262 2218 De
292 2152 516 2217 adulterio
547 2151 728 2229 ancille,
760 2153 796 2216 si
826 2172 917 2217 cum
947 2153 1152 2226 adultero
1179 2154 1264 2217 vio·

369 2240 514 2306 lenter
543 2241 586 2304 id
615 2241 777 2306 fecisse
808 2244 1088 2325 proventurt.

280 2347 318 2412 Si
348 2347 510 2412 ancillam
537 2347 743 2431 quicumque
765 2347 936 2413 violenter
959 2349 1187 2432 conpresserit
1215 2348 1294 2414 alie-

173 2457 253 2499 nam
283 2456 426 2519 eamque
457 2435 705 2501 adulteraverit
735 2441 771 2502 et
799 2436 855 2502 vel
884 2437 922 2500 in
952 2438 1053 2503 domo
1082 2438 1212 2503 domini
1240 2439 1293 2502 sui

172 2525 281 2591 fuerit
310 2526 566 2609 conprehensus
595 2525 650 2590 vel
681 2526 719 2588 in
748 2519 982 2611 quocumqueb
1014 2526 1090 2591 loco
1120 2527 1294 2592 violentus

174 2614 327 2680 extitisse
358 2614 583 2692 convincitur,
615 2634 731 2679 servus
762 2615 900 2699 quidem
929 2626 974 2682 00
1001 2616 1116 2680 hictus
1145 2616 1295 2700 accipiat

173 2702 399 2787 flagellorum,
429 2702 601 2787 ingenuus
623 2722 704 2768 vero
728 2715 752 2769 L
776 2707 812 2769 et
834 2704 975 2788 insuper
997 2705 1063 2769 hoc
1086 2715 1143 2771 XX
1166 2704 1295 2768 solidos

174 2791 299 2856 ancille
330 2791 467 2856 domine
497 2795 637 2856 coactus
660 2791 807 2857 exolvat.
853 2792 1022 2857 Dominus
1047 2795 1174 2870 tamen,
1206 2794 1234 2857 si
1256 2792 1294 2855 id

173 2900 271 2945 servo
286 2879 486 2945 faciendum
500 2880 638 2946 iussisse
653 2881 854 2964 probatur0,
879 2882 1047 2966 superiori
1065 2882 1294 2966 ingenuorum

174 2973 210 3034 et
233 2969 359 3033 damno
383 2970 419 3033 et
441 2968 580 3053 fiagello
603 2968 790 3034 subiaceat.

574 3172 670 3233 xvu.
701 3173 885 3245 numqua

175 3287 256 3353 Del
279 3286 591 3353 meretricibus
614 3287 819 3371 ingenuis
841 3286 910 3351 vel
939 3286 1136 3363 ancillis,
1162 3291 1236 3351 aut
1260 3289 1296 3351 si

175 3396 320 3441 earum
344 3376 488 3442 scelus
511 3375 688 3527 iudicesl
705 3375 960 3526 perqqirere
980 3374 1048 3440 vel
1072 3376 1296 3459 corrigere

615 3485 667 3528 no
695 3484 853 3528 uerrn.

283 3571 320 3637 Si
349 3572 467 3656 aliqua
495 3569 614 3655 puella
641 3571 793 3654 ingenua
823 3571 914 3635 sive³
941 3570 1066 3636 mulier
1095 3571 1297 3636 incivitate

175 3659 314 3743 publice
339 3652 624 3727 fornicationemb
652 3678 812 3724 exercens
842 3661 1003 3725 meretrix
1031 3664 1238 3745 agnoscatur
1261 3663 1298 3725 et

176 3747 376 3830 frequenter
411 3748 625 3833 deprehensa
660 3748 697 3810 in
732 3747 917 3826 adulterio,
956 3748 1053 3813 nullo
1088 3749 1191 3814 modo
1225 3769 1298 3814 eru-

285 3971 332 4015 XV.
372 3972 465 4021 nm
479 3972 525 4016 Bi.
591 3973 614 4022 b)
632 3973 736 4013 ancillam
750 3973 797 4017 112.
864 3974 884 4021 c)
903 3974 985 4013 artium
999 3974 1045 4014 ulls
1059 3974 1106 4016 ΕΙ.
1174 3971 1197 4022 d)
1215 3972 1299 4014 idonea

175 4026 259 4068 suellis
273 4026 320 4068 Η.
374 4026 396 4074 ο)
409 4024 502 4067 §cuuto
516 4026 562 4070 Bi.

284 4078 344 4121 XVI.
384 4080 407 4126 ι)
421 4078 604 4129 pamerras.
658 4079 836 4129 bqnscnmque
850 4077 923 4119 locum
937 4079 983 4121 Rl.
1037 4082 1057 4129 c)
1071 4079 1204 4129 probabitur
1218 4081 1263 4122 Bl.

284 4132 356 4175 xvn.
396 4132 421 4183 n)
434 4130 471 4173 vol
485 4131 531 4178 Bi.
584 4132 830 4182 momentorum.

178 4312 205 4380 1)
223 4312 264 4365 De
282 4310 372 4364 wdcm
389 4324 421 4363 rc
437 4308 473 4375 cf,
490 4324 511 4365 c.
525 4314 550 4366 Β.
569 4310 657 4378 Capit.
675 4310 707 4361 de
724 4310 828 4377 discipl.
844 4311 955 4377 palatii,
979 4310 1037 4364 LL.
1057 4310 1122 4377 Cap.
1141 4310 1164 4376 I,
1188 4326 1217 4376 p.
1236 4311 1297 4364 298.
