3000 4934
627 368 856 426 PRAEFATIO.
1231 367 1307 423 XIII

185 573 298 635 annos,
315 559 485 636 postquam
503 550 626 618 Wulh'o
648 557 678 617 et
700 549 914 616 Theodericus
929 551 960 614 Ι.
984 570 1117 632 reqnum
1139 549 1176 613 in
1196 549 1285 615 Gothi

186 641 401 722 condiderant,
432 639 563 706 minime
591 639 743 706 conuenit.
791 641 901 721 Neque
928 638 1013 704 enim
1036 637 1223 704 crediderim
1246 638 1307 703 Ro·

184 750 354 796 manorum
383 728 493 794 tertius
522 750 577 794 seu
605 735 705 794 sortes
732 727 907 793 Gothorum
933 748 988 793 seu
1010 726 1213 808 antiquorum
1235 727 1308 806 fun·

186 822 299 885 dorum
327 817 478 883 terminos
500 823 630 883 exeunte
651 817 775 882 saecuto
798 815 857 880 VI.
881 816 918 881 in
938 814 1099 897 plerisque
1121 814 1214 897 requi
1230 836 1308 897 pur·

186 908 270 974 tibus
299 905 452 973 exstitisse
486 906 534 972 cci
563 904 702 989 coquitos
731 905 842 985 fuisse.
894 904 932 969 Si
960 926 1033 969 cero
1063 909 1173 969 auctor
1207 904 1309 985 hequm

187 1017 255 1079 cum.
272 1001 348 1060 277.
372 993 550 1061 constitnit:
573 995 745 1079 Antiquos
760 995 926 1060 terminos
951 994 1000 1058 sic
1024 997 1116 1058 sture
1138 993 1306 1071 iubemus,

186 1087 278 1151 sieut
301 1089 337 1151 et
360 1086 470 1150 bonae
487 1084 670 1150 memoriae
691 1086 924 1168 paternoster
943 1084 980 1146 in
996 1082 1066 1147 alia
1080 1083 1157 1166 lege
1174 1101 1307 1165 praece·

188 1175 249 1258 pit‚
272 1173 412 1256 quisset,
437 1172 492 1254 qui
508 1172 617 1255 coqitet
632 1173 669 1237 de
685 1172 749 1253 heqe
764 1169 943 1253 Leooiqitdi
952 1170 1070 1252 potius,
1095 1190 1191 1251 quom
1210 1169 1309 1234 Theo·

188 1261 288 1328 derisi
303 1263 335 1326 Ι.
358 1260 451 1344 requi
473 1259 668 1340 fundatoris.
708 1261 805 1340 Quem
820 1259 901 1341 ieqes
917 1258 1038 1324 dedisse
1053 1257 1149 1324 etium
1167 1256 1309 1340 Appelli-

187 1349 281 1415 nom's
305 1348 459 1414 Sidonius
487 1347 598 1413 testari
624 1347 748 1412 uidetur
774 1346 878 1411 uerbis
905 1346 972 1411 iliis
995 1347 1057 1427 Ep.
1082 1346 1171 1427 H,1
1199 1343 1308 1424 (Auct.

188 1443 254 1502 unt.
270 1437 373 1519 VIII,
387 1458 423 1518 p.
437 1438 514 1520 22):
536 1437 630 1520 leges
647 1436 902 1502 Theodosianas
919 1436 1056 1501 oeleans
1072 1435 1310 1500 Theodericia-

186 1547 318 1610 nusque
340 1546 549 1612 proponens;
573 1526 665 1607 quod,
685 1529 722 1588 ut
742 1523 810 1588 ium
824 1522 904 1588 sotis
919 1522 1092 1606 sepositum
1107 1529 1160 1605 est,
1180 1522 1310 1589 minime

188 1621 344 1697 repuqnot
365 1613 420 1696 eis,
451 1634 532 1696 quoe
561 1613 638 1679 dicit
660 1611 826 1678 Isidorus:
856 1613 928 1678 Sub
956 1615 1022 1678 hoo
1049 1632 1130 1697 rege
1155 1608 1308 1696 (Eurico)

189 1703 298 1770 Gothi
321 1704 438 1788 legum
462 1706 596 1768 statuta
617 1703 656 1766 in
679 1703 815 1787 scriptis
844 1702 971 1767 hebere
996 1705 1197 1787 coeperunt3
1229 1723 1309 1765 nam

187 1797 292 1859 untes
320 1797 461 1857 tantum
490 1793 643 1857 moribus
677 1795 713 1856 et
743 1791 994 1856 consuetudine
1023 1791 1248 1869 tenetentum
1280 1788 1310 1853 si

188 1881 273 1946 enim
304 1881 381 1947 hoec
411 1883 457 1946 od
487 1901 600 1963 empus
631 1880 747 1962 tequm,
777 1879 837 1944 iile
870 1881 915 1943 od
947 1877 1093 1960 sinqulos
1124 1878 1205 1960 heqcs
1231 1877 1309 1957 refe·

189 1976 314 2035 runtur.

295 2057 439 2123 Mummi
462 2056 595 2138 demque
616 2054 765 2121 moruenti
786 2076 851 2135 esse
867 2054 1011 2120 enrstimo
1026 2074 1102 2135 rem,
1126 2074 1222 2135 quum
1244 2054 1311 2118 ium

187 2146 319 2229 nmnuit,
342 2148 399 2212 sed
420 2146 509 2211 houd
529 2144 609 2210 sutis
631 2145 762 2227 urqebat
784 2144 827 2207 Ε.
848 2142 910 2207 Th.
932 2141 1067 2224 doum·
1090 2141 1207 2223 scilicet
1228 2143 1313 2225 quod

188 2234 352 2315 terminus,
377 2233 432 2314 qui
448 2232 553 2300 causis
574 2231 802 2298 commovendis
825 2231 962 2312 obsistat,
986 2229 1071 2296 idem
1093 2235 1138 2295 est
1160 2236 1253 2313 atque
1274 2230 1312 2296 in

190 2323 274 2405 Leqe
296 2320 575 2404 Burqundiouum,
606 2320 636 2385 si
659 2320 842 2402 fraumenta
864 2319 985 2385 Ihcrico
1012 2318 1205 2386 tribuuntur.
1252 2318 1312 2386 Ibi

190 2432 258 2493 cau.
273 2416 348 2474 277.
372 2431 429 2475 reu
444 2409 625 2492 proecepit:
648 2413 744 2474 sotus
764 2430 908 2475 omnes
933 2430 1086 2474 causas
1103 2456 1112 2472 .
1130 2457 1137 2472 .
1156 2456 1178 2487 .,
1203 2430 1311 2494 quae

189 2501 310 2564 intra
344 2506 448 2563 XXX
478 2500 603 2563 annis
639 2499 861 2564 definitae
896 2519 979 2563 non
1013 2498 1187 2563 fuerint
1222 2544 1230 2561 .
1263 2549 1269 2563 .
1302 2544 1310 2561 .

190 2590 261 2655 sive
284 2589 450 2667 debite,
476 2609 563 2672 quae
580 2591 786 2654 exactanon
801 2588 943 2664 fuerint,
968 2586 1093 2652 nullo
1118 2589 1240 2652 modo
1263 2607 1312 2652 re·

190 2681 365 2764 petuntur.
401 2677 448 2741 IIt
469 2678 498 2741 si
518 2677 593 2760 quis
617 2678 805 2761 posthunc
826 2682 917 2739 XXX
940 2696 1148 2740 annorum
1171 2697 1312 2740 nume-

189 2789 279 2831 rum
304 2787 442 2832 seusam
458 2786 595 2831 movere
610 2765 844 2849 temptaverit,
868 2765 935 2830 iste
959 2785 1164 2830 numerus
1186 2765 1219 2830 ei
1233 2765 1312 2829 resi·

189 2858 270 2920 stat.
297 2902 362 2918 ...
393 2854 547 2920 Omnes
570 2857 688 2919 eutem
712 2874 879 2931 causas,
903 2873 1011 2937 quse
1033 2874 1067 2919 1u
1084 2873 1190 2920 nesso
1208 2873 1313 2920 noum

190 2964 352 3011 nunonmn
372 2963 484 3009 neruus
502 2961 616 3009 sosrnr
638 2989 698 3005 ...
723 2945 848 3007 estse
869 2944 971 3006 sunt
992 2962 1062 3005 non
1080 2942 1313 3026 permittimus

190 3033 329 3114 penitus
357 3033 613 3096 commoveri.
661 3030 772 3113 Reque
788 3029 897 3112 putris
919 3028 1045 3111 Eurici,
1069 3029 1258 3094 Theoderici
1280 3030 1312 3093 I.

190 3117 284 3199 reglis,
314 3120 412 3198 duem
439 3117 515 3197 feeit
543 3118 611 3184 dies
634 3139 764 3200 meqnue
797 3117 1043 3183 Outuluuneusis
1071 3117 1136 3183 sinc
1163 3117 1313 3183 Mouris-

191 3204 294 3270 eensis
315 3227 347 3269 o.
365 3210 439 3285 451,
463 3205 501 3268 in
515 3224 579 3285 quo
593 3225 651 3269 reu
665 3204 849 3283 interfectus
864 3211 924 3285 est,·
948 3205 990 3284 cf.
1006 3206 1174 3286 Imdunes,
1202 3205 1314 3271 Getico

192 3313 218 3358 e.
242 3297 284 3356 40
310 3288 420 3370 (Aur.
444 3298 510 3356 au.
531 3293 567 3373 V,
587 3297 616 3373 1,
633 3313 669 3373 p.
688 3293 779 3375 111).

299 3382 422 3446 Eodem
436 3382 536 3462 modo,
560 3401 599 3445 eu
615 3385 711 3463 porte
733 3379 829 3445 etium
846 3378 962 3444 eudem
979 3379 1083 3444 uerbis
1105 3400 1157 3445 res
1178 3379 1216 3445 in
1230 3380 1314 3462 Leqe

190 3468 462 3553 Burqundionum
477 3468 656 3535 ordinatur.
692 3466 903 3534 Constituitur
918 3467 965 3534 ihi
983 3473 1033 3550 79,
1047 3474 1083 3533 5:
1101 3470 1183 3552 quia
1198 3470 1314 3534 omnia

191 3561 237 3623 ud
266 3560 418 3643 quietem
447 3559 602 3624 omnium
633 3558 846 3643 pertinentia
876 3578 917 3623 ex
947 3558 1024 3641 lege
1055 3559 1217 3624 convenit
1240 3579 1313 3644 pro·

191 3649 310 3728 videri,
335 3668 480 3714 omnes
503 3648 643 3713 omnino
668 3667 822 3712 seusus
848 3647 892 3712 de
915 3647 1177 3731 quibuscunque
1200 3648 1312 3726 rebus,

192 3758 299 3820 quse
326 3738 448 3801 intre
475 3743 579 3800 XXX
602 3757 740 3801 annos
767 3757 853 3801 non
879 3736 1053 3801 fuerint
1081 3736 1313 3814 definitae,

192 3826 316 3890 nullo
352 3845 409 3891 ees
444 3824 665 3910 postmodum
699 3824 820 3890 licebit
854 3825 1008 3889 ordine
1044 3826 1312 3903 commoveri,

192 3914 274 3998 quie
308 3915 392 3979 satis
426 3915 613 3998 unicuique
648 3914 693 3977 ud
723 3915 969 4004 requirendum
1000 3917 1035 3978 et
1066 3914 1312 3996 recipiendum,

192 4004 285 4085 quod
308 4003 341 4068 ei
365 4003 562 4068 debitum
584 4003 702 4079 fuerit,
732 4003 985 4087 suprascriptus
1009 4023 1221 4067 annorum
1243 4024 1314 4066 nu·

193 4111 334 4156 merus
370 4094 507 4156 constat
541 4111 641 4175 posse
676 4091 845 4156 sufficere.
899 4091 945 4155 In
979 4092 1087 4155 eudem
1116 4096 1221 4155 eutem
1251 4090 1315 4172 ieqe

193 4177 439 4261 heqimus17,1:
465 4178 619 4244 Omnes
642 4180 782 4244 omnino
804 4199 974 4258 suusne,
999 4200 1105 4262 quse
1124 4180 1216 4244 inter
1232 4180 1315 4243 Bur-

193 4269 386 4351 gundiones
410 4268 590 4334 habitae
614 4271 716 4331 sunt
735 4271 771 4333 et
785 4289 857 4333 non
872 4268 991 4332 finitee
1008 4287 1109 4342 ussus
1127 4288 1169 4333 An
1187 4287 1315 4334 resume

193 4375 442 4433 usumsenusnn,
465 4357 661 4422 habeantur
683 4356 845 4422 abolitus.
