<?xml version="1.0" encoding="UTF-8"?>
<!DOCTYPE html PUBLIC "-//W3C//DTD XHTML 1.0 Transitional//EN"
    "http://www.w3.org/TR/xhtml1/DTD/xhtml1-transitional.dtd">
<html xmlns="http://www.w3.org/1999/xhtml" xml:lang="en" lang="en">
 <head>
  <title>
</title>
<meta http-equiv="Content-Type" content="text/html;charset=utf-8" />
  <meta name='ocr-system' content='tesseract 3.04.00' />
  <meta name='ocr-capabilities' content='ocr_page ocr_carea ocr_par ocr_line ocrx_word'/>
</head>
<body>
  <div class='ocr_page' id='page_1' title='image "./fontesiurisgerm01unkngoog_0143.png"; bbox 0 0 3000 4934; ppageno 0'>
   <div class='ocr_carea' id='block_1_1' title="bbox 188 375 1121 445">
    <p class='ocr_par' dir='ltr' id='par_1_1' title="bbox 188 375 1121 445">
     <span class='ocr_line' id='line_1_1' title="bbox 188 375 1121 445; baseline -0.003 -8"><span class='ocrx_word' id='word_1_1' title='bbox 188 385 239 437; x_wconf 81' lang='lat'>108</span> <span class='ocrx_word' id='word_1_2' title='bbox 374 378 451 432; x_wconf 83' lang='lat' dir='ltr'>1le</span> <span class='ocrx_word' id='word_1_3' title='bbox 469 377 585 435; x_wconf 83' lang='lat' dir='ltr'><strong>VISIG.</strong></span> <span class='ocrx_word' id='word_1_4' title='bbox 603 375 873 433; x_wconf 76' lang='lat' dir='ltr'>RnccnsvaND.</span> <span class='ocrx_word' id='word_1_5' title='bbox 909 376 964 445; x_wconf 88' lang='lat'>111,</span> <span class='ocrx_word' id='word_1_6' title='bbox 982 382 1121 443; x_wconf 85' lang='lat'>4,13.14.</span> 
     </span>
    </p>
   </div>
   <div class='ocr_carea' id='block_1_2' title="bbox 121 560 1393 2505">
    <p class='ocr_par' dir='ltr' id='par_1_2' title="bbox 121 560 1393 2505">
     <span class='ocr_line' id='line_1_2' title="bbox 187 560 1308 647; baseline -0.001 -22"><span class='ocrx_word' id='word_1_7' title='bbox 187 564 397 647; x_wconf 58' lang='lat' dir='ltr'>propincus?</span> <span class='ocrx_word' id='word_1_8' title='bbox 431 561 547 624; x_wconf 88' lang='lat' dir='ltr'>mariti</span> <span class='ocrx_word' id='word_1_9' title='bbox 577 560 734 624; x_wconf 76' lang='lat' dir='ltr'><strong>adultere</strong></span> <span class='ocrx_word' id='word_1_10' title='bbox 764 560 827 624; x_wconf 90' lang='lat' dir='ltr'>sub</span> <span class='ocrx_word' id='word_1_11' title='bbox 858 560 924 623; x_wconf 87' lang='lat' dir='ltr'>hac</span> <span class='ocrx_word' id='word_1_12' title='bbox 948 561 1185 626; x_wconf 62' lang='lat' dir='ltr'>dismctioneq</span> <span class='ocrx_word' id='word_1_13' title='bbox 1212 581 1308 626; x_wconf 89' lang='lat' dir='ltr'>aceu-</span> 
     </span>
     <span class='ocr_line' id='line_1_3' title="bbox 186 648 1308 725; baseline -0.002 -10"><span class='ocrx_word' id='word_1_14' title='bbox 186 652 285 715; x_wconf 88' lang='lat' dir='ltr'>sandi</span> <span class='ocrx_word' id='word_1_15' title='bbox 313 649 506 715; x_wconf 73' lang='lat' dir='ltr'>adulteram</span> <span class='ocrx_word' id='word_1_16' title='bbox 533 649 589 714; x_wconf 87' lang='lat' dir='ltr'>lex</span> <span class='ocrx_word' id='word_1_17' title='bbox 617 651 691 712; x_wconf 75' lang='lat' dir='ltr'>stal</span> <span class='ocrx_word' id='word_1_18' title='bbox 719 649 909 725; x_wconf 89' lang='lat' dir='ltr'>constituit,</span> <span class='ocrx_word' id='word_1_19' title='bbox 941 651 991 725; x_wconf 91' lang='lat' dir='ltr'>ut,</span> <span class='ocrx_word' id='word_1_20' title='bbox 1022 649 1052 712; x_wconf 90' lang='lat' dir='ltr'>si</span> <span class='ocrx_word' id='word_1_21' title='bbox 1079 648 1308 713; x_wconf 70' lang='lat' dir='ltr'>accusationis</span> 
     </span>
     <span class='ocr_line' id='line_1_4' title="bbox 187 736 1308 813; baseline -0.002 -11"><span class='ocrx_word' id='word_1_22' title='bbox 187 741 289 802; x_wconf 88' lang='lat' dir='ltr'>huius</span> <span class='ocrx_word' id='word_1_23' title='bbox 319 739 481 802; x_wconf 90' lang='lat' dir='ltr'>fiduciam</span> <span class='ocrx_word' id='word_1_24' title='bbox 512 738 741 813; x_wconf 72' lang='lat' dir='ltr'>adsumentes</span> <span class='ocrx_word' id='word_1_25' title='bbox 773 736 983 802; x_wconf 89' lang='lat' dir='ltr'>adulterium</span> <span class='ocrx_word' id='word_1_26' title='bbox 1011 737 1165 802; x_wconf 87' lang='lat' dir='ltr'>mulieris</span> <span class='ocrx_word' id='word_1_27' title='bbox 1189 757 1308 802; x_wconf 88' lang='lat' dir='ltr'>eorum</span> 
     </span>
     <span class='ocr_line' id='line_1_5' title="bbox 186 822 1393 909; baseline 0.003 -19"><span class='ocrx_word' id='word_1_28' title='bbox 186 828 408 909; x_wconf 74' lang='lat' dir='ltr'>inquisitione</span> <span class='ocrx_word' id='word_1_29' title='bbox 425 825 626 890; x_wconf 84' lang='lat' dir='ltr'>manifeste⁸</span> <span class='ocrx_word' id='word_1_30' title='bbox 648 822 835 909; x_wconf 63' lang='lat' dir='ltr'>patuerit‘,</span> <span class='ocrx_word' id='word_1_31' title='bbox 858 828 932 888; x_wconf 89' lang='lat' dir='ltr'>tam</span> <span class='ocrx_word' id='word_1_32' title='bbox 956 826 1051 889; x_wconf 79' lang='lat' dir='ltr'>eius¹¹</span> <span class='ocrx_word' id='word_1_33' title='bbox 1069 826 1229 891; x_wconf 75' lang='lat' dir='ltr'>adultere</span> <span class='ocrx_word' id='word_1_34' title='bbox 1245 827 1309 891; x_wconf 90' lang='lat' dir='ltr'>filii</span> <span class='ocrx_word' id='word_1_35' title='bbox 1351 880 1356 892; x_wconf 95' lang='lat'>.</span> <span class='ocrx_word' id='word_1_36' title='bbox 1389 881 1393 894; x_wconf 95' lang='lat'><em>.</em></span> 
     </span>
     <span class='ocr_line' id='line_1_6' title="bbox 187 913 1309 1000; baseline 0 -20"><span class='ocrx_word' id='word_1_37' title='bbox 187 937 228 980; x_wconf 89' lang='lat' dir='ltr'>ex</span> <span class='ocrx_word' id='word_1_38' title='bbox 257 917 332 1000; x_wconf 93' lang='lat' dir='ltr'>ipso</span> <span class='ocrx_word' id='word_1_39' title='bbox 361 917 431 979; x_wconf 91' lang='lat' dir='ltr'>iam</span> <span class='ocrx_word' id='word_1_40' title='bbox 453 917 617 998; x_wconf 90' lang='lat' dir='ltr'>tempore,</span> <span class='ocrx_word' id='word_1_41' title='bbox 649 935 717 996; x_wconf 93' lang='lat' dir='ltr'>quo</span> <span class='ocrx_word' id='word_1_42' title='bbox 748 914 905 978; x_wconf 83' lang='lat' dir='ltr'>convicta</span> <span class='ocrx_word' id='word_1_43' title='bbox 933 913 1042 980; x_wconf 83' lang='lat' dir='ltr'>fuerit</span> <span class='ocrx_word' id='word_1_44' title='bbox 1070 914 1142 980; x_wconf 86' lang='lat' dir='ltr'>tale</span> <span class='ocrx_word' id='word_1_45' title='bbox 1172 915 1309 980; x_wconf 83' lang='lat' dir='ltr'>facinus</span> 
     </span>
     <span class='ocr_line' id='line_1_7' title="bbox 186 1003 1307 1089; baseline -0.001 -21"><span class='ocrx_word' id='word_1_46' title='bbox 186 1007 410 1089; x_wconf 84' lang='lat' dir='ltr'>perpetrasse,</span> <span class='ocrx_word' id='word_1_47' title='bbox 435 1024 537 1086; x_wconf 89' lang='lat' dir='ltr'>quam</span> <span class='ocrx_word' id='word_1_48' title='bbox 560 1003 665 1067; x_wconf 88' lang='lat' dir='ltr'>etiam</span> <span class='ocrx_word' id='word_1_49' title='bbox 681 1003 866 1086; x_wconf 89' lang='lat' dir='ltr'>propinqui</span> <span class='ocrx_word' id='word_1_50' title='bbox 889 1003 942 1066; x_wconf 90' lang='lat' dir='ltr'>sui</span> <span class='ocrx_word' id='word_1_51' title='bbox 965 1006 1044 1086; x_wconf 90' lang='lat' dir='ltr'>post</span> <span class='ocrx_word' id='word_1_52' title='bbox 1066 1003 1140 1068; x_wconf 88' lang='lat' dir='ltr'>eius</span> <span class='ocrx_word' id='word_1_53' title='bbox 1163 1003 1307 1083; x_wconf 88' lang='lat' dir='ltr'>obitum,</span> 
     </span>
     <span class='ocr_line' id='line_1_8' title="bbox 187 1090 1308 1169; baseline 0 -13"><span class='ocrx_word' id='word_1_54' title='bbox 187 1094 216 1156; x_wconf 91' lang='lat' dir='ltr'>si</span> <span class='ocrx_word' id='word_1_55' title='bbox 239 1093 303 1155; x_wconf 91' lang='lat' dir='ltr'>filii</span> <span class='ocrx_word' id='word_1_56' title='bbox 327 1092 511 1169; x_wconf 77' lang='lat' dir='ltr'>defuerint,</span> <span class='ocrx_word' id='word_1_57' title='bbox 536 1090 694 1155; x_wconf 87' lang='lat' dir='ltr'>adultere</span> <span class='ocrx_word' id='word_1_58' title='bbox 710 1091 863 1156; x_wconf 85' lang='lat' dir='ltr'>mulieris</span> <span class='ocrx_word' id='word_1_59' title='bbox 887 1090 1069 1156; x_wconf 87' lang='lat' dir='ltr'>obtineant</span> <span class='ocrx_word' id='word_1_60' title='bbox 1091 1092 1308 1157; x_wconf 80' lang='lat' dir='ltr'>facultatem.</span> 
     </span>
     <span class='ocr_line' id='line_1_9' title="bbox 187 1180 1309 1264; baseline -0.001 -19"><span class='ocrx_word' id='word_1_61' title='bbox 187 1182 248 1245; x_wconf 79' lang='lat' dir='ltr'>Sin</span> <span class='ocrx_word' id='word_1_62' title='bbox 272 1184 388 1246; x_wconf 89' lang='lat' dir='ltr'>autem</span> <span class='ocrx_word' id='word_1_63' title='bbox 411 1180 475 1243; x_wconf 92' lang='lat' dir='ltr'>filii</span> <span class='ocrx_word' id='word_1_64' title='bbox 498 1182 692 1264; x_wconf 72' lang='lat' dir='ltr'>suprestesV</span> <span class='ocrx_word' id='word_1_65' title='bbox 718 1180 881 1256; x_wconf 84' lang='lat' dir='ltr'>existunt,</span> <span class='ocrx_word' id='word_1_66' title='bbox 912 1182 948 1243; x_wconf 92' lang='lat' dir='ltr'>et</span> <span class='ocrx_word' id='word_1_67' title='bbox 976 1183 1096 1245; x_wconf 91' lang='lat' dir='ltr'>tamen</span> <span class='ocrx_word' id='word_1_68' title='bbox 1125 1185 1215 1244; x_wconf 80' lang='lat' dir='ltr'>autw</span> <span class='ocrx_word' id='word_1_69' title='bbox 1238 1202 1309 1245; x_wconf 93' lang='lat' dir='ltr'>non</span> 
     </span>
     <span class='ocr_line' id='line_1_10' title="bbox 121 1268 1309 1352; baseline 0 -18"><span class='ocrx_word' id='word_1_70' title='bbox 121 1277 124 1286; x_wconf 66' lang='lat'><strong><em>⁴</em></strong></span> <span class='ocrx_word' id='word_1_71' title='bbox 187 1271 340 1334; x_wconf 88' lang='lat' dir='ltr'>eiusdem</span> <span class='ocrx_word' id='word_1_72' title='bbox 371 1270 486 1345; x_wconf 83' lang='lat' dir='ltr'>etatis,</span> <span class='ocrx_word' id='word_1_73' title='bbox 521 1271 582 1332; x_wconf 91' lang='lat' dir='ltr'>aut</span> <span class='ocrx_word' id='word_1_74' title='bbox 611 1268 693 1331; x_wconf 89' lang='lat' dir='ltr'>talis</span> <span class='ocrx_word' id='word_1_75' title='bbox 724 1269 948 1352; x_wconf 88' lang='lat' dir='ltr'>experientie,</span> <span class='ocrx_word' id='word_1_76' title='bbox 982 1270 1042 1351; x_wconf 90' lang='lat' dir='ltr'>qui</span> <span class='ocrx_word' id='word_1_77' title='bbox 1071 1269 1224 1334; x_wconf 87' lang='lat' dir='ltr'>mulieris</span> <span class='ocrx_word' id='word_1_78' title='bbox 1252 1271 1309 1334; x_wconf 89' lang='lat' dir='ltr'>ad·</span> 
     </span>
     <span class='ocr_line' id='line_1_11' title="bbox 185 1356 1307 1440; baseline -0.002 -17"><span class='ocrx_word' id='word_1_79' title='bbox 185 1359 351 1423; x_wconf 80' lang='lat' dir='ltr'>alterium</span> <span class='ocrx_word' id='word_1_80' title='bbox 366 1377 525 1422; x_wconf 86' lang='lat' dir='ltr'>accusare</span> <span class='ocrx_word' id='word_1_81' title='bbox 536 1356 592 1421; x_wconf 84' lang='lat' dir='ltr'>vel</span> <span class='ocrx_word' id='word_1_82' title='bbox 604 1357 829 1421; x_wconf 87' lang='lat' dir='ltr'>convincere¹</span> <span class='ocrx_word' id='word_1_83' title='bbox 844 1360 1069 1440; x_wconf 88' lang='lat' dir='ltr'>conpetenter</span> <span class='ocrx_word' id='word_1_84' title='bbox 1083 1358 1307 1435; x_wconf 56' lang='lat' dir='ltr'>intendenti,</span> 
     </span>
     <span class='ocr_line' id='line_1_12' title="bbox 185 1445 1309 1530; baseline 0 -19"><span class='ocrx_word' id='word_1_85' title='bbox 185 1451 270 1511; x_wconf 89' lang='lat' dir='ltr'>tunc</span> <span class='ocrx_word' id='word_1_86' title='bbox 294 1446 354 1511; x_wconf 94' lang='lat' dir='ltr'>ille</span> <span class='ocrx_word' id='word_1_87' title='bbox 377 1446 562 1530; x_wconf 90' lang='lat' dir='ltr'>propincus</span> <span class='ocrx_word' id='word_1_88' title='bbox 586 1446 711 1521; x_wconf 88' lang='lat' dir='ltr'>mariti,</span> <span class='ocrx_word' id='word_1_89' title='bbox 743 1446 802 1528; x_wconf 90' lang='lat' dir='ltr'>qui</span> <span class='ocrx_word' id='word_1_90' title='bbox 829 1445 1053 1510; x_wconf 85' lang='lat' dir='ltr'>manifestum</span> <span class='ocrx_word' id='word_1_91' title='bbox 1076 1446 1229 1511; x_wconf 85' lang='lat' dir='ltr'>mulieris</span> <span class='ocrx_word' id='word_1_92' title='bbox 1253 1448 1309 1511; x_wconf 89' lang='lat' dir='ltr'>ad-</span> 
     </span>
     <span class='ocr_line' id='line_1_13' title="bbox 186 1534 1308 1617; baseline 0.001 -18"><span class='ocrx_word' id='word_1_93' title='bbox 186 1536 352 1599; x_wconf 88' lang='lat' dir='ltr'>ulterium</span> <span class='ocrx_word' id='word_1_94' title='bbox 367 1534 463 1597; x_wconf 88' lang='lat' dir='ltr'>ultus</span> <span class='ocrx_word' id='word_1_95' title='bbox 478 1534 595 1610; x_wconf 83' lang='lat' dir='ltr'>fuerit,</span> <span class='ocrx_word' id='word_1_96' title='bbox 620 1535 777 1617; x_wconf 87' lang='lat' dir='ltr'>quintam</span> <span class='ocrx_word' id='word_1_97' title='bbox 800 1538 934 1617; x_wconf 88' lang='lat' dir='ltr'>partem</span> <span class='ocrx_word' id='word_1_98' title='bbox 954 1535 1134 1598; x_wconf 85' lang='lat' dir='ltr'>facultatis</span> <span class='ocrx_word' id='word_1_99' title='bbox 1150 1535 1308 1601; x_wconf 83' lang='lat' dir='ltr'>adultere</span> 
     </span>
     <span class='ocr_line' id='line_1_14' title="bbox 187 1622 1309 1714; baseline 0.001 -27"><span class='ocrx_word' id='word_1_100' title='bbox 187 1645 248 1708; x_wconf 92' lang='lat' dir='ltr'>pro</span> <span class='ocrx_word' id='word_1_101' title='bbox 279 1623 397 1687; x_wconf 88' lang='lat' dir='ltr'>labore</span> <span class='ocrx_word' id='word_1_102' title='bbox 428 1643 489 1687; x_wconf 88' lang='lat' dir='ltr'>suo</span> <span class='ocrx_word' id='word_1_103' title='bbox 520 1622 933 1714; x_wconf 37' lang='lat' dir='ltr'>percipiatlffiquattuor</span> <span class='ocrx_word' id='word_1_104' title='bbox 967 1626 1083 1687; x_wconf 90' lang='lat' dir='ltr'>autem</span> <span class='ocrx_word' id='word_1_105' title='bbox 1118 1626 1233 1707; x_wconf 85' lang='lat' dir='ltr'>partes</span> <span class='ocrx_word' id='word_1_106' title='bbox 1264 1625 1309 1688; x_wconf 85' lang='lat' dir='ltr'>ad</span> 
     </span>
     <span class='ocr_line' id='line_1_15' title="bbox 186 1710 1307 1795; baseline -0.001 -20"><span class='ocrx_word' id='word_1_107' title='bbox 186 1714 360 1795; x_wconf 87' lang='lat' dir='ltr'>integrum</span> <span class='ocrx_word' id='word_1_108' title='bbox 390 1711 625 1795; x_wconf 89' lang='lat' dir='ltr'>predictorum</span> <span class='ocrx_word' id='word_1_109' title='bbox 655 1710 719 1773; x_wconf 93' lang='lat' dir='ltr'>filii</span> <span class='ocrx_word' id='word_1_110' title='bbox 735 1711 814 1775; x_wconf 65' lang='lat' dir='ltr'>‘sibi</span> <span class='ocrx_word' id='word_1_111' title='bbox 843 1711 1020 1775; x_wconf 87' lang='lat' dir='ltr'>vindicent</span> <span class='ocrx_word' id='word_1_112' title='bbox 1043 1731 1083 1776; x_wconf 86' lang='lat' dir='ltr'>ac</span> <span class='ocrx_word' id='word_1_113' title='bbox 1107 1712 1307 1776; x_wconf 85' lang='lat' dir='ltr'>defendant.</span> 
     </span>
     <span class='ocr_line' id='line_1_16' title="bbox 186 1800 1309 1884; baseline 0 -20"><span class='ocrx_word' id='word_1_114' title='bbox 186 1801 276 1864; x_wconf 87' lang='lat' dir='ltr'>Nam</span> <span class='ocrx_word' id='word_1_115' title='bbox 301 1801 338 1877; x_wconf 88' lang='lat' dir='ltr'>si,</span> <span class='ocrx_word' id='word_1_116' title='bbox 371 1802 432 1864; x_wconf 89' lang='lat' dir='ltr'>aut</span> <span class='ocrx_word' id='word_1_117' title='bbox 462 1800 732 1883; x_wconf 89' lang='lat' dir='ltr'>propinquorum</span> <span class='ocrx_word' id='word_1_118' title='bbox 761 1800 799 1862; x_wconf 94' lang='lat' dir='ltr'>in</span> <span class='ocrx_word' id='word_1_119' title='bbox 828 1801 893 1864; x_wconf 89' lang='lat' dir='ltr'>hac</span> <span class='ocrx_word' id='word_1_120' title='bbox 924 1802 1022 1884; x_wconf 86' lang='lat' dir='ltr'>parte</span> <span class='ocrx_word' id='word_1_121' title='bbox 1051 1801 1217 1884; x_wconf 89' lang='lat' dir='ltr'>tepiditas</span> <span class='ocrx_word' id='word_1_122' title='bbox 1248 1805 1309 1864; x_wconf 89' lang='lat' dir='ltr'>aut</span> 
     </span>
     <span class='ocr_line' id='line_1_17' title="bbox 186 1887 1309 1973; baseline 0.002 -21"><span class='ocrx_word' id='word_1_123' title='bbox 186 1889 336 1953; x_wconf 89' lang='lat' dir='ltr'>filiorum</span> <span class='ocrx_word' id='word_1_124' title='bbox 351 1888 593 1973; x_wconf 74' lang='lat' dir='ltr'>neglegentiaa</span> <span class='ocrx_word' id='word_1_125' title='bbox 612 1887 668 1952; x_wconf 86' lang='lat' dir='ltr'>vel</span> <span class='ocrx_word' id='word_1_126' title='bbox 683 1888 831 1952; x_wconf 86' lang='lat' dir='ltr'>fortasse</span> <span class='ocrx_word' id='word_1_127' title='bbox 847 1889 998 1952; x_wconf 89' lang='lat' dir='ltr'>muneris</span> <span class='ocrx_word' id='word_1_128' title='bbox 1021 1889 1177 1973; x_wconf 88' lang='lat' dir='ltr'>acceptio</span> <span class='ocrx_word' id='word_1_129' title='bbox 1200 1893 1309 1954; x_wconf 86' lang='lat' dir='ltr'>utros-</span> 
     </span>
     <span class='ocr_line' id='line_1_18' title="bbox 186 1970 1309 2062; baseline 0.002 -22"><span class='ocrx_word' id='word_1_130' title='bbox 186 1999 252 2062; x_wconf 89' lang='lat' dir='ltr'>que</span> <span class='ocrx_word' id='word_1_131' title='bbox 277 1970 531 2061; x_wconf 69' lang='lat' dir='ltr'>corrumpensl’,</span> <span class='ocrx_word' id='word_1_132' title='bbox 560 1977 700 2041; x_wconf 91' lang='lat' dir='ltr'>minime</span> <span class='ocrx_word' id='word_1_133' title='bbox 722 1976 830 2040; x_wconf 84' lang='lat' dir='ltr'>fuerit</span> <span class='ocrx_word' id='word_1_134' title='bbox 853 1977 992 2041; x_wconf 80' lang='lat' dir='ltr'>eadem⁰</span> <span class='ocrx_word' id='word_1_135' title='bbox 1021 1978 1112 2041; x_wconf 88' lang='lat' dir='ltr'>actio</span> <span class='ocrx_word' id='word_1_136' title='bbox 1136 1998 1157 2041; x_wconf 87' lang='lat' dir='ltr'>a</span> <span class='ocrx_word' id='word_1_137' title='bbox 1178 1978 1309 2042; x_wconf 87' lang='lat' dir='ltr'>talibus</span> 
     </span>
     <span class='ocr_line' id='line_1_19' title="bbox 187 2060 1309 2151; baseline -0.002 -20"><span class='ocrx_word' id='word_1_138' title='bbox 187 2067 340 2151; x_wconf 88' lang='lat' dir='ltr'>personis</span> <span class='ocrx_word' id='word_1_139' title='bbox 370 2066 517 2149; x_wconf 84' lang='lat' dir='ltr'>quesita,</span> <span class='ocrx_word' id='word_1_140' title='bbox 554 2066 636 2129; x_wconf 89' lang='lat' dir='ltr'>dum</span> <span class='ocrx_word' id='word_1_141' title='bbox 667 2066 711 2128; x_wconf 97' lang='lat' dir='ltr'>ad</span> <span class='ocrx_word' id='word_1_142' title='bbox 740 2060 892 2148; x_wconf 79' lang='lat' dir='ltr'>regiam‘1</span> <span class='ocrx_word' id='word_1_143' title='bbox 926 2066 1158 2149; x_wconf 81' lang='lat' dir='ltr'>cognitionem</span> <span class='ocrx_word' id='word_1_144' title='bbox 1188 2068 1309 2131; x_wconf 90' lang='lat' dir='ltr'>eadem</span> 
     </span>
     <span class='ocr_line' id='line_1_20' title="bbox 187 2153 1309 2239; baseline 0 -21"><span class='ocrx_word' id='word_1_145' title='bbox 187 2175 291 2219; x_wconf 88' lang='lat' dir='ltr'>causa</span> <span class='ocrx_word' id='word_1_146' title='bbox 313 2155 516 2239; x_wconf 81' lang='lat' dir='ltr'>pervenerit,</span> <span class='ocrx_word' id='word_1_147' title='bbox 541 2156 614 2238; x_wconf 90' lang='lat' dir='ltr'>ipse</span> <span class='ocrx_word' id='word_1_148' title='bbox 638 2153 880 2238; x_wconf 90' lang='lat' dir='ltr'>proculdubio</span> <span class='ocrx_word' id='word_1_149' title='bbox 901 2155 1190 2238; x_wconf 79' lang='lat' dir='ltr'>promercedeme</span> <span class='ocrx_word' id='word_1_150' title='bbox 1212 2175 1309 2218; x_wconf 90' lang='lat' dir='ltr'>suam</span> 
     </span>
     <span class='ocr_line' id='line_1_21' title="bbox 187 2237 1309 2328; baseline 0.003 -21"><span class='ocrx_word' id='word_1_151' title='bbox 187 2237 420 2307; x_wconf 84' lang='lat' dir='ltr'>constiturusf</span> <span class='ocrx_word' id='word_1_152' title='bbox 447 2246 509 2319; x_wconf 89' lang='lat' dir='ltr'>est,</span> <span class='ocrx_word' id='word_1_153' title='bbox 533 2242 588 2307; x_wconf 88' lang='lat' dir='ltr'>vel</span> <span class='ocrx_word' id='word_1_154' title='bbox 612 2264 633 2305; x_wconf 88' lang='lat' dir='ltr'>a</span> <span class='ocrx_word' id='word_1_155' title='bbox 655 2248 745 2325; x_wconf 72' lang='lat' dir='ltr'>quog</span> <span class='ocrx_word' id='word_1_156' title='bbox 771 2242 897 2307; x_wconf 88' lang='lat' dir='ltr'>debeat</span> <span class='ocrx_word' id='word_1_157' title='bbox 925 2243 997 2307; x_wconf 87' lang='lat' dir='ltr'>tale</span> <span class='ocrx_word' id='word_1_158' title='bbox 1026 2244 1206 2327; x_wconf 88' lang='lat' dir='ltr'>negotium</span> <span class='ocrx_word' id='word_1_159' title='bbox 1235 2265 1309 2328; x_wconf 88' lang='lat' dir='ltr'>pro-</span> 
     </span>
     <span class='ocr_line' id='line_1_22' title="bbox 188 2330 1309 2415; baseline 0.001 -20"><span class='ocrx_word' id='word_1_160' title='bbox 188 2333 293 2415; x_wconf 81' lang='lat' dir='ltr'>sequi,</span> <span class='ocrx_word' id='word_1_161' title='bbox 310 2332 365 2396; x_wconf 86' lang='lat' dir='ltr'>vel</span> <span class='ocrx_word' id='word_1_162' title='bbox 389 2334 557 2413; x_wconf 89' lang='lat' dir='ltr'>quantum</span> <span class='ocrx_word' id='word_1_163' title='bbox 580 2334 781 2414; x_wconf 87' lang='lat' dir='ltr'>prosecutor</span> <span class='ocrx_word' id='word_1_164' title='bbox 797 2330 839 2395; x_wconf 89' lang='lat' dir='ltr'>de</span> <span class='ocrx_word' id='word_1_165' title='bbox 855 2331 957 2395; x_wconf 89' lang='lat' dir='ltr'>rebus</span> <span class='ocrx_word' id='word_1_166' title='bbox 974 2331 1139 2397; x_wconf 87' lang='lat' dir='ltr'>scelerate</span> <span class='ocrx_word' id='word_1_167' title='bbox 1154 2332 1309 2397; x_wconf 88' lang='lat' dir='ltr'>mulieris</span> 
     </span>
     <span class='ocr_line' id='line_1_23' title="bbox 187 2411 1308 2505; baseline 0.001 -23"><span class='ocrx_word' id='word_1_168' title='bbox 187 2413 271 2504; x_wconf 88' lang='lat' dir='ltr'>pro¹¹</span> <span class='ocrx_word' id='word_1_169' title='bbox 291 2420 469 2484; x_wconf 91' lang='lat' dir='ltr'>commodo</span> <span class='ocrx_word' id='word_1_170' title='bbox 493 2420 547 2481; x_wconf 88' lang='lat' dir='ltr'>sui</span> <span class='ocrx_word' id='word_1_171' title='bbox 566 2411 714 2483; x_wconf 83' lang='lat' dir='ltr'>laborish</span> <span class='ocrx_word' id='word_1_172' title='bbox 733 2419 975 2485; x_wconf 88' lang='lat' dir='ltr'>incunctanter</span> <span class='ocrx_word' id='word_1_173' title='bbox 991 2414 1169 2503; x_wconf 86' lang='lat' dir='ltr'>consequi¹</span> <span class='ocrx_word' id='word_1_174' title='bbox 1189 2421 1308 2505; x_wconf 88' lang='lat' dir='ltr'>possit.</span> 
     </span>
    </p>
   </div>
   <div class='ocr_carea' id='block_1_3' title="bbox 187 2506 1309 2632">
    <p class='ocr_par' dir='ltr' id='par_1_3' title="bbox 187 2506 1309 2632">
     <span class='ocr_line' id='line_1_24' title="bbox 187 2506 1309 2632; baseline 0.002 -60"><span class='ocrx_word' id='word_1_175' title='bbox 187 2509 317 2572; x_wconf 85' lang='lat' dir='ltr'>Verum</span> <span class='ocrx_word' id='word_1_176' title='bbox 340 2508 421 2632; x_wconf 82' lang='lat' dir='ltr'>quia</span> <span class='ocrx_word' id='word_1_177' title='bbox 445 2506 588 2571; x_wconf 86' lang='lat' dir='ltr'>difficile</span> <span class='ocrx_word' id='word_1_178' title='bbox 612 2508 686 2571; x_wconf 88' lang='lat' dir='ltr'>fieri</span> <span class='ocrx_word' id='word_1_179' title='bbox 708 2510 833 2591; x_wconf 87' lang='lat' dir='ltr'>potest,</span> <span class='ocrx_word' id='word_1_180' title='bbox 857 2511 898 2571; x_wconf 91' lang='lat' dir='ltr'>ut</span> <span class='ocrx_word' id='word_1_181' title='bbox 921 2528 982 2592; x_wconf 90' lang='lat' dir='ltr'>per</span> <span class='ocrx_word' id='word_1_182' title='bbox 998 2508 1124 2572; x_wconf 89' lang='lat' dir='ltr'>liberas</span> <span class='ocrx_word' id='word_1_183' title='bbox 1147 2530 1309 2593; x_wconf 86' lang='lat' dir='ltr'>personas</span> 
     </span>
    </p>
   </div>
   <div class='ocr_carea' id='block_1_4' title="bbox 185 2594 1310 3387">
    <p class='ocr_par' dir='ltr' id='par_1_4' title="bbox 185 2594 1310 3387">
     <span class='ocr_line' id='line_1_25' title="bbox 186 2594 1309 2680; baseline 0.004 -21"><span class='ocrx_word' id='word_1_184' title='bbox 186 2597 340 2660; x_wconf 91' lang='lat' dir='ltr'>mulieris</span> <span class='ocrx_word' id='word_1_185' title='bbox 404 2594 614 2659; x_wconf 87' lang='lat' dir='ltr'>adulterium</span> <span class='ocrx_word' id='word_1_186' title='bbox 651 2596 845 2679; x_wconf 85' lang='lat' dir='ltr'>indagetur,</span> <span class='ocrx_word' id='word_1_187' title='bbox 885 2596 968 2660; x_wconf 90' lang='lat' dir='ltr'>dum</span> <span class='ocrx_word' id='word_1_188' title='bbox 1005 2597 1205 2680; x_wconf 83' lang='lat' dir='ltr'>frequenter</span> <span class='ocrx_word' id='word_1_189' title='bbox 1243 2599 1309 2663; x_wconf 93' lang='lat' dir='ltr'>hoc</span> 
     </span>
     <span class='ocr_line' id='line_1_26' title="bbox 185 2679 1310 2769; baseline 0.001 -19"><span class='ocrx_word' id='word_1_190' title='bbox 185 2679 332 2750; x_wconf 79' lang='lat' dir='ltr'>uitiumk</span> <span class='ocrx_word' id='word_1_191' title='bbox 358 2685 494 2749; x_wconf 88' lang='lat' dir='ltr'>occulte</span> <span class='ocrx_word' id='word_1_192' title='bbox 517 2679 726 2768; x_wconf 87' lang='lat' dir='ltr'>perpetrari¹</span> <span class='ocrx_word' id='word_1_193' title='bbox 748 2685 794 2748; x_wconf 87' lang='lat' dir='ltr'>sit</span> <span class='ocrx_word' id='word_1_194' title='bbox 817 2685 968 2763; x_wconf 90' lang='lat' dir='ltr'>solitum,</span> <span class='ocrx_word' id='word_1_195' title='bbox 992 2686 1146 2769; x_wconf 88' lang='lat' dir='ltr'>proinde,</span> <span class='ocrx_word' id='word_1_196' title='bbox 1171 2687 1310 2769; x_wconf 89' lang='lat' dir='ltr'>quando</span> 
     </span>
     <span class='ocr_line' id='line_1_27' title="bbox 187 2773 1309 2859; baseline 0.002 -22"><span class='ocrx_word' id='word_1_197' title='bbox 187 2775 231 2837; x_wconf 88' lang='lat' dir='ltr'>ad</span> <span class='ocrx_word' id='word_1_198' title='bbox 255 2774 528 2838; x_wconf 88' lang='lat' dir='ltr'>convincendum</span> <span class='ocrx_word' id='word_1_199' title='bbox 558 2773 769 2837; x_wconf 89' lang='lat' dir='ltr'>adulterium</span> <span class='ocrx_word' id='word_1_200' title='bbox 796 2777 968 2838; x_wconf 83' lang='lat' dir='ltr'>accusate</span> <span class='ocrx_word' id='word_1_201' title='bbox 979 2773 1132 2839; x_wconf 89' lang='lat' dir='ltr'>mulieris</span> <span class='ocrx_word' id='word_1_202' title='bbox 1154 2775 1309 2859; x_wconf 87' lang='lat' dir='ltr'>ingenui·</span> 
     </span>
     <span class='ocr_line' id='line_1_28' title="bbox 185 2862 1309 2946; baseline 0.004 -22"><span class='ocrx_word' id='word_1_203' title='bbox 185 2866 240 2926; x_wconf 87' lang='lat' dir='ltr'>tas</span> <span class='ocrx_word' id='word_1_204' title='bbox 264 2863 403 2926; x_wconf 89' lang='lat' dir='ltr'>omnino</span> <span class='ocrx_word' id='word_1_205' title='bbox 428 2862 587 2938; x_wconf 83' lang='lat' dir='ltr'>defuerit,</span> <span class='ocrx_word' id='word_1_206' title='bbox 619 2863 784 2945; x_wconf 85' lang='lat' dir='ltr'>predictis</span> <span class='ocrx_word' id='word_1_207' title='bbox 814 2863 977 2946; x_wconf 86' lang='lat' dir='ltr'>personis,</span> <span class='ocrx_word' id='word_1_208' title='bbox 1008 2864 1133 2946; x_wconf 90' lang='lat' dir='ltr'>quibus</span> <span class='ocrx_word' id='word_1_209' title='bbox 1156 2864 1229 2928; x_wconf 86' lang='lat' dir='ltr'>eius</span> <span class='ocrx_word' id='word_1_210' title='bbox 1253 2865 1309 2928; x_wconf 93' lang='lat' dir='ltr'>ad·</span> 
     </span>
     <span class='ocr_line' id='line_1_29' title="bbox 186 2950 1309 3035; baseline 0.003 -21"><span class='ocrx_word' id='word_1_211' title='bbox 186 2951 351 3016; x_wconf 84' lang='lat' dir='ltr'>ultorium</span> <span class='ocrx_word' id='word_1_212' title='bbox 368 2970 528 3015; x_wconf 89' lang='lat' dir='ltr'>accusare</span> <span class='ocrx_word' id='word_1_213' title='bbox 544 2951 696 3035; x_wconf 90' lang='lat' dir='ltr'>presenti</span> <span class='ocrx_word' id='word_1_214' title='bbox 715 2950 792 3034; x_wconf 85' lang='lat' dir='ltr'>lege</span> <span class='ocrx_word' id='word_1_215' title='bbox 808 2952 1011 3035; x_wconf 90' lang='lat' dir='ltr'>permissum</span> <span class='ocrx_word' id='word_1_216' title='bbox 1027 2955 1089 3028; x_wconf 91' lang='lat' dir='ltr'>est,</span> <span class='ocrx_word' id='word_1_217' title='bbox 1113 2953 1180 3016; x_wconf 91' lang='lat' dir='ltr'>hoe</span> <span class='ocrx_word' id='word_1_218' title='bbox 1203 2953 1309 3017; x_wconf 86' lang='lat' dir='ltr'>etiam</span> 
     </span>
     <span class='ocr_line' id='line_1_30' title="bbox 186 3040 1309 3124; baseline 0.003 -21"><span class='ocrx_word' id='word_1_219' title='bbox 186 3043 305 3124; x_wconf 88' lang='lat' dir='ltr'>aperte</span> <span class='ocrx_word' id='word_1_220' title='bbox 328 3041 464 3105; x_wconf 89' lang='lat' dir='ltr'>licitum</span> <span class='ocrx_word' id='word_1_221' title='bbox 488 3040 563 3117; x_wconf 88' lang='lat' dir='ltr'>erit,</span> <span class='ocrx_word' id='word_1_222' title='bbox 588 3043 629 3102; x_wconf 92' lang='lat' dir='ltr'>ut</span> <span class='ocrx_word' id='word_1_223' title='bbox 651 3060 713 3124; x_wconf 89' lang='lat' dir='ltr'>per</span> <span class='ocrx_word' id='word_1_224' title='bbox 736 3041 949 3123; x_wconf 88' lang='lat' dir='ltr'>questionem</span> <span class='ocrx_word' id='word_1_225' title='bbox 972 3040 1105 3105; x_wconf 85' lang='lat' dir='ltr'>familie</span> <span class='ocrx_word' id='word_1_226' title='bbox 1127 3041 1309 3124; x_wconf 80' lang='lat' dir='ltr'>utriusque</span> 
     </span>
     <span class='ocr_line' id='line_1_31' title="bbox 187 3128 1310 3194; baseline 0.002 -2"><span class='ocrx_word' id='word_1_227' title='bbox 187 3130 317 3193; x_wconf 90' lang='lat' dir='ltr'>domini</span> <span class='ocrx_word' id='word_1_228' title='bbox 340 3131 500 3194; x_wconf 87' lang='lat' dir='ltr'>accusate</span> <span class='ocrx_word' id='word_1_229' title='bbox 516 3128 669 3193; x_wconf 87' lang='lat' dir='ltr'>mulieris</span> <span class='ocrx_word' id='word_1_230' title='bbox 693 3128 899 3192; x_wconf 88' lang='lat' dir='ltr'>adulterium</span> <span class='ocrx_word' id='word_1_231' title='bbox 924 3149 1037 3193; x_wconf 87' lang='lat' dir='ltr'>coram</span> <span class='ocrx_word' id='word_1_232' title='bbox 1060 3130 1174 3194; x_wconf 88' lang='lat' dir='ltr'>iudice</span> <span class='ocrx_word' id='word_1_233' title='bbox 1196 3131 1310 3194; x_wconf 90' lang='lat' dir='ltr'>iustis·</span> 
     </span>
     <span class='ocr_line' id='line_1_32' title="bbox 187 3219 499 3302; baseline -0.006 -21"><span class='ocrx_word' id='word_1_234' title='bbox 187 3219 270 3283; x_wconf 90' lang='lat' dir='ltr'>sime</span> <span class='ocrx_word' id='word_1_235' title='bbox 293 3219 499 3302; x_wconf 87' lang='lat' dir='ltr'>requiratur.</span> 
     </span>
     <span class='ocr_line' id='line_1_33' title="bbox 589 3316 904 3387; baseline 0.01 -15"><span class='ocrx_word' id='word_1_236' title='bbox 589 3317 689 3374; x_wconf 75' lang='lat' dir='ltr'>nnn.</span> <span class='ocrx_word' id='word_1_237' title='bbox 719 3316 904 3387; x_wconf 79' lang='lat' dir='ltr'><strong>ANTIQUA.</strong></span> 
     </span>
    </p>
   </div>
   <div class='ocr_carea' id='block_1_5' title="bbox 186 3413 1309 3870">
    <p class='ocr_par' dir='ltr' id='par_1_5' title="bbox 186 3413 1309 3673">
     <span class='ocr_line' id='line_1_34' title="bbox 187 3413 1309 3497; baseline 0.001 -21"><span class='ocrx_word' id='word_1_238' title='bbox 187 3413 231 3476; x_wconf 80' lang='lat' dir='ltr'>Si</span> <span class='ocrx_word' id='word_1_239' title='bbox 257 3414 474 3497; x_wconf 87' lang='lat' dir='ltr'>ingenuus</span> <span class='ocrx_word' id='word_1_240' title='bbox 503 3413 592 3476; x_wconf 84' lang='lat' dir='ltr'>sive</span> <span class='ocrx_word' id='word_1_241' title='bbox 620 3432 769 3477; x_wconf 84' lang='lat' dir='ltr'>servus</span> <span class='ocrx_word' id='word_1_242' title='bbox 792 3413 1007 3497; x_wconf 85' lang='lat' dir='ltr'>virginem</span> <span class='ocrx_word' id='word_1_243' title='bbox 1038 3413 1113 3482; x_wconf 76' lang='lat' dir='ltr'>aut</span> <span class='ocrx_word' id='word_1_244' title='bbox 1134 3415 1309 3479; x_wconf 79' lang='lat' dir='ltr'>viduam</span> 
     </span>
     <span class='ocr_line' id='line_1_35' title="bbox 186 3500 1309 3585; baseline 0.004 -22"><span class='ocrx_word' id='word_1_245' title='bbox 186 3503 417 3585; x_wconf 85' lang='lat' dir='ltr'>ingenuam</span> <span class='ocrx_word' id='word_1_246' title='bbox 449 3500 673 3565; x_wconf 85' lang='lat' dir='ltr'>violenter</span> <span class='ocrx_word' id='word_1_247' title='bbox 707 3500 923 3584; x_wconf 85' lang='lat' dir='ltr'>polluisse</span> <span class='ocrx_word' id='word_1_248' title='bbox 959 3502 1209 3568; x_wconf 83' lang='lat' dir='ltr'>adulterio⁸</span> <span class='ocrx_word' id='word_1_249' title='bbox 1243 3502 1309 3568; x_wconf 86' lang='lat' dir='ltr'>de·</span> 
     </span>
     <span class='ocr_line' id='line_1_36' title="bbox 649 3592 839 3673; baseline -0.005 -21"><span class='ocrx_word' id='word_1_250' title='bbox 649 3592 839 3673; x_wconf 80' lang='lat' dir='ltr'>tegatur</span> 
     </span>
    </p>

    <p class='ocr_par' dir='ltr' id='par_1_6' title="bbox 186 3695 1309 3870">
     <span class='ocr_line' id='line_1_37' title="bbox 294 3695 1309 3782; baseline 0.002 -23"><span class='ocrx_word' id='word_1_251' title='bbox 294 3695 353 3759; x_wconf 87' lang='lat' dir='ltr'>Sil</span> <span class='ocrx_word' id='word_1_252' title='bbox 382 3695 522 3759; x_wconf 87' lang='lat' dir='ltr'>viduam</span> <span class='ocrx_word' id='word_1_253' title='bbox 557 3695 700 3778; x_wconf 89' lang='lat' dir='ltr'>quisque</span> <span class='ocrx_word' id='word_1_254' title='bbox 733 3696 790 3760; x_wconf 84' lang='lat' dir='ltr'>vel</span> <span class='ocrx_word' id='word_1_255' title='bbox 823 3697 992 3781; x_wconf 84' lang='lat' dir='ltr'>virginem</span> <span class='ocrx_word' id='word_1_256' title='bbox 1026 3699 1211 3782; x_wconf 85' lang='lat' dir='ltr'>ingenuam</span> <span class='ocrx_word' id='word_1_257' title='bbox 1240 3698 1309 3761; x_wconf 76' lang='lat' dir='ltr'>vio</span> 
     </span>
     <span class='ocr_line' id='line_1_38' title="bbox 186 3783 1309 3870; baseline 0.001 -23"><span class='ocrx_word' id='word_1_258' title='bbox 186 3785 299 3849; x_wconf 89' lang='lat' dir='ltr'>lenter</span> <span class='ocrx_word' id='word_1_259' title='bbox 337 3783 601 3848; x_wconf 89' lang='lat' dir='ltr'>adulterandam</span> <span class='ocrx_word' id='word_1_260' title='bbox 641 3786 868 3868; x_wconf 87' lang='lat' dir='ltr'>conpresserit</span> <span class='ocrx_word' id='word_1_261' title='bbox 901 3786 957 3851; x_wconf 90' lang='lat' dir='ltr'>vel</span> <span class='ocrx_word' id='word_1_262' title='bbox 990 3787 1117 3870; x_wconf 86' lang='lat' dir='ltr'>istupri</span> <span class='ocrx_word' id='word_1_263' title='bbox 1149 3785 1309 3850; x_wconf 83' lang='lat' dir='ltr'>forsitam</span> 
     </span>
    </p>
   </div>
   <div class='ocr_carea' id='block_1_6' title="bbox 185 3919 1310 4289">
    <p class='ocr_par' dir='ltr' id='par_1_7' title="bbox 185 3919 1310 4241">
     <span class='ocr_line' id='line_1_39' title="bbox 292 3919 1309 3975; baseline 0.007 -15"><span class='ocrx_word' id='word_1_264' title='bbox 292 3924 316 3971; x_wconf 86' lang='lat' dir='ltr'>p)</span> <span class='ocrx_word' id='word_1_265' title='bbox 330 3922 469 3971; x_wconf 84' lang='lat' dir='ltr'>propinquos</span> <span class='ocrx_word' id='word_1_266' title='bbox 484 3921 531 3964; x_wconf 70' lang='lat'>132.</span> <span class='ocrx_word' id='word_1_267' title='bbox 592 3924 616 3970; x_wconf 84' lang='lat' dir='ltr'>q)</span> <span class='ocrx_word' id='word_1_268' title='bbox 630 3919 782 3962; x_wconf 67' lang='lat' dir='ltr'>diserentium</span> <span class='ocrx_word' id='word_1_269' title='bbox 795 3922 842 3965; x_wconf 72' lang='lat'>122.</span> <span class='ocrx_word' id='word_1_270' title='bbox 901 3923 922 3974; x_wconf 86' lang='lat' dir='ltr'>r)</span> <span class='ocrx_word' id='word_1_271' title='bbox 935 3924 979 3964; x_wconf 72' lang='lat' dir='ltr'>ista</span> <span class='ocrx_word' id='word_1_272' title='bbox 993 3924 1039 3967; x_wconf 71' lang='lat'>122.</span> <span class='ocrx_word' id='word_1_273' title='bbox 1094 3924 1115 3975; x_wconf 85' lang='lat' dir='ltr'>s)</span> <span class='ocrx_word' id='word_1_274' title='bbox 1128 3923 1248 3964; x_wconf 74' lang='lat' dir='ltr'>msnlfmta</span> <span class='ocrx_word' id='word_1_275' title='bbox 1261 3923 1309 3966; x_wconf 69' lang='lat'>132.</span> 
     </span>
     <span class='ocr_line' id='line_1_40' title="bbox 186 3975 1309 4025; baseline 0.004 -10"><span class='ocrx_word' id='word_1_276' title='bbox 186 3978 203 4022; x_wconf 80' lang='lat' dir='ltr'>t)</span> <span class='ocrx_word' id='word_1_277' title='bbox 218 3976 334 4024; x_wconf 80' lang='lat' dir='ltr'>patuerint</span> <span class='ocrx_word' id='word_1_278' title='bbox 347 3975 394 4018; x_wconf 84' lang='lat' dir='ltr'>Rl.</span> <span class='ocrx_word' id='word_1_279' title='bbox 442 3975 466 4025; x_wconf 90' lang='lat' dir='ltr'>u)</span> <span class='ocrx_word' id='word_1_280' title='bbox 479 3975 536 4014; x_wconf 79' lang='lat' dir='ltr'>deest</span> <span class='ocrx_word' id='word_1_281' title='bbox 550 3976 596 4017; x_wconf 75' lang='lat'>122.</span> <span class='ocrx_word' id='word_1_282' title='bbox 641 3977 664 4023; x_wconf 86' lang='lat' dir='ltr'>v)</span> <span class='ocrx_word' id='word_1_283' title='bbox 678 3975 808 4024; x_wconf 80' lang='lat' dir='ltr'>subprestes</span> <span class='ocrx_word' id='word_1_284' title='bbox 822 3976 869 4019; x_wconf 67' lang='grc' dir='ltr'>ΒΞ,</span> <span class='ocrx_word' id='word_1_285' title='bbox 909 3980 939 4024; x_wconf 85' lang='lat' dir='ltr'>w)</span> <span class='ocrx_word' id='word_1_286' title='bbox 953 3978 1010 4017; x_wconf 78' lang='lat' dir='ltr'>deest</span> <span class='ocrx_word' id='word_1_287' title='bbox 1023 3979 1070 4021; x_wconf 70' lang='lat'>121.</span> <span class='ocrx_word' id='word_1_288' title='bbox 1118 3980 1142 4024; x_wconf 87' lang='lat' dir='ltr'>x)</span> <span class='ocrx_word' id='word_1_289' title='bbox 1155 3977 1248 4017; x_wconf 77' lang='lat' dir='ltr'>vincere</span> <span class='ocrx_word' id='word_1_290' title='bbox 1261 3977 1309 4019; x_wconf 71' lang='lat' dir='ltr'>M.</span> 
     </span>
     <span class='ocr_line' id='line_1_41' title="bbox 186 4026 1309 4083; baseline 0.001 -16"><span class='ocrx_word' id='word_1_291' title='bbox 186 4031 209 4079; x_wconf 88' lang='lat' dir='ltr'>y)</span> <span class='ocrx_word' id='word_1_292' title='bbox 224 4026 355 4068; x_wconf 80' lang='lat' dir='ltr'>luderidsnt</span> <span class='ocrx_word' id='word_1_293' title='bbox 368 4029 415 4070; x_wconf 83' lang='lat' dir='ltr'>Rl.</span> <span class='ocrx_word' id='word_1_294' title='bbox 465 4030 485 4076; x_wconf 81' lang='lat' dir='ltr'>z)</span> <span class='ocrx_word' id='word_1_295' title='bbox 499 4029 669 4078; x_wconf 75' lang='lat' dir='ltr'>pereipielRI.</span> <span class='ocrx_word' id='word_1_296' title='bbox 723 4029 897 4078; x_wconf 64' lang='lat' dir='ltr'>adaugeatis</span> <span class='ocrx_word' id='word_1_297' title='bbox 910 4032 956 4073; x_wconf 72' lang='lat' dir='ltr'>M.</span> <span class='ocrx_word' id='word_1_298' title='bbox 1010 4031 1143 4083; x_wconf 86' lang='lat' dir='ltr'>b)quoru1n</span> <span class='ocrx_word' id='word_1_299' title='bbox 1156 4031 1253 4080; x_wconf 85' lang='lat' dir='ltr'>pessime</span> <span class='ocrx_word' id='word_1_300' title='bbox 1263 4041 1309 4078; x_wconf 84' lang='lat' dir='ltr'>pro</span> 
     </span>
     <span class='ocr_line' id='line_1_42' title="bbox 185 4079 1307 4133; baseline -0.001 -11"><span class='ocrx_word' id='word_1_301' title='bbox 185 4082 308 4124; x_wconf 80' lang='lat' dir='ltr'>e.m.R1.</span> <span class='ocrx_word' id='word_1_302' title='bbox 362 4079 494 4129; x_wconf 86' lang='lat' dir='ltr'>e)eundem</span> <span class='ocrx_word' id='word_1_303' title='bbox 508 4083 554 4125; x_wconf 83' lang='lat' dir='ltr'>Rl.</span> <span class='ocrx_word' id='word_1_304' title='bbox 609 4080 633 4129; x_wconf 91' lang='lat' dir='ltr'>d)</span> <span class='ocrx_word' id='word_1_305' title='bbox 647 4081 710 4130; x_wconf 75' lang='lat' dir='ltr'>regis</span> <span class='ocrx_word' id='word_1_306' title='bbox 724 4084 771 4124; x_wconf 72' lang='grc' dir='ltr'>ΕΙ.</span> <span class='ocrx_word' id='word_1_307' title='bbox 819 4085 840 4131; x_wconf 87' lang='lat' dir='ltr'>e)</span> <span class='ocrx_word' id='word_1_308' title='bbox 854 4081 958 4124; x_wconf 85' lang='lat' dir='ltr'>mercede</span> <span class='ocrx_word' id='word_1_309' title='bbox 972 4095 1014 4124; x_wconf 75' lang='lat' dir='ltr'>sus</span> <span class='ocrx_word' id='word_1_310' title='bbox 1027 4085 1074 4128; x_wconf 69' lang='lat'>122.</span> <span class='ocrx_word' id='word_1_311' title='bbox 1121 4083 1307 4133; x_wconf 50' lang='lat' dir='ltr'>Quamdiu</span> 
     </span>
     <span class='ocr_line' id='line_1_43' title="bbox 185 4132 1310 4187; baseline 0 -12"><span class='ocrx_word' id='word_1_312' title='bbox 185 4136 321 4175; x_wconf 78' lang='lat' dir='ltr'>constitutus</span> <span class='ocrx_word' id='word_1_313' title='bbox 336 4137 382 4177; x_wconf 72' lang='grc' dir='ltr'>ΕΙ.</span> <span class='ocrx_word' id='word_1_314' title='bbox 396 4135 442 4178; x_wconf 74' lang='lat' dir='ltr'>El.</span> <span class='ocrx_word' id='word_1_315' title='bbox 503 4136 525 4184; x_wconf 72' lang='lat' dir='ltr'>g)</span> <span class='ocrx_word' id='word_1_316' title='bbox 540 4132 600 4183; x_wconf 87' lang='lat' dir='ltr'>quod</span> <span class='ocrx_word' id='word_1_317' title='bbox 614 4137 661 4178; x_wconf 65' lang='lat'>121.</span> <span class='ocrx_word' id='word_1_318' title='bbox 722 4136 746 4183; x_wconf 88' lang='lat' dir='ltr'>h)</span> <span class='ocrx_word' id='word_1_319' title='bbox 760 4146 800 4185; x_wconf 91' lang='lat' dir='ltr'>pro</span> <span class='ocrx_word' id='word_1_320' title='bbox 815 4158 841 4166; x_wconf 98' lang='lat'>-</span> <span class='ocrx_word' id='word_1_321' title='bbox 855 4136 938 4177; x_wconf 76' lang='lat' dir='ltr'>laboris</span> <span class='ocrx_word' id='word_1_322' title='bbox 952 4139 995 4180; x_wconf 79' lang='lat' dir='ltr'>cles.</span> <span class='ocrx_word' id='word_1_323' title='bbox 1009 4139 1056 4181; x_wconf 81' lang='lat' dir='ltr'>Rl,</span> <span class='ocrx_word' id='word_1_324' title='bbox 1110 4138 1127 4186; x_wconf 88' lang='lat' dir='ltr'>i)</span> <span class='ocrx_word' id='word_1_325' title='bbox 1141 4136 1248 4187; x_wconf 81' lang='lat' dir='ltr'>prosequi</span> <span class='ocrx_word' id='word_1_326' title='bbox 1262 4137 1310 4180; x_wconf 76' lang='lat'>121.</span> 
     </span>
     <span class='ocr_line' id='line_1_44' title="bbox 185 4189 943 4241; baseline 0.007 -14"><span class='ocrx_word' id='word_1_327' title='bbox 185 4189 209 4235; x_wconf 84' lang='lat' dir='ltr'>k)</span> <span class='ocrx_word' id='word_1_328' title='bbox 223 4189 324 4228; x_wconf 86' lang='lat' dir='ltr'>mulieris</span> <span class='ocrx_word' id='word_1_329' title='bbox 338 4210 364 4218; x_wconf 95' lang='lat'>—</span> <span class='ocrx_word' id='word_1_330' title='bbox 378 4189 459 4228; x_wconf 77' lang='lat' dir='ltr'>vilium</span> <span class='ocrx_word' id='word_1_331' title='bbox 474 4189 520 4231; x_wconf 76' lang='lat'>122.</span> <span class='ocrx_word' id='word_1_332' title='bbox 575 4189 590 4236; x_wconf 94' lang='lat' dir='ltr'>l)</span> <span class='ocrx_word' id='word_1_333' title='bbox 604 4192 748 4238; x_wconf 79' lang='lat' dir='ltr'>perpetrasse</span> <span class='ocrx_word' id='word_1_334' title='bbox 757 4201 803 4238; x_wconf 78' lang='lat' dir='ltr'>pro</span> <span class='ocrx_word' id='word_1_335' title='bbox 817 4201 838 4241; x_wconf 87' lang='lat' dir='ltr'>p.</span> <span class='ocrx_word' id='word_1_336' title='bbox 852 4190 883 4230; x_wconf 78' lang='lat' dir='ltr'>slt</span> <span class='ocrx_word' id='word_1_337' title='bbox 896 4192 943 4233; x_wconf 74' lang='lat' dir='ltr'>R1.</span> 
     </span>
    </p>

    <p class='ocr_par' dir='ltr' id='par_1_8' title="bbox 292 4238 639 4289">
     <span class='ocr_line' id='line_1_45' title="bbox 292 4238 639 4289; baseline 0.006 -7"><span class='ocrx_word' id='word_1_338' title='bbox 292 4242 367 4284; x_wconf 77' lang='lat' dir='ltr'><strong>XIIII.</strong></span> <span class='ocrx_word' id='word_1_339' title='bbox 407 4243 429 4289; x_wconf 79' lang='lat' dir='ltr'>a)</span> <span class='ocrx_word' id='word_1_340' title='bbox 443 4238 579 4282; x_wconf 79' lang='lat' dir='ltr'>adulterium</span> <span class='ocrx_word' id='word_1_341' title='bbox 593 4244 639 4284; x_wconf 64' lang='lat'>121.</span> 
     </span>
    </p>
   </div>
   <div class='ocr_carea' id='block_1_7' title="bbox 187 4346 765 4416">
    <p class='ocr_par' dir='ltr' id='par_1_9' title="bbox 187 4346 765 4416">
     <span class='ocr_line' id='line_1_46' title="bbox 187 4346 765 4416; baseline 0.005 -15"><span class='ocrx_word' id='word_1_342' title='bbox 187 4349 213 4414; x_wconf 89' lang='lat'>1)</span> <span class='ocrx_word' id='word_1_343' title='bbox 231 4348 273 4413; x_wconf 74' lang='lat' dir='ltr'>Cf.</span> <span class='ocrx_word' id='word_1_344' title='bbox 292 4349 429 4414; x_wconf 77' lang='lat' dir='ltr'>Brunner,</span> <span class='ocrx_word' id='word_1_345' title='bbox 450 4346 495 4402; x_wconf 85' lang='lat' dir='ltr'>‘D.</span> <span class='ocrx_word' id='word_1_346' title='bbox 515 4347 587 4404; x_wconf 72' lang='lat' dir='ltr'>BG!</span> <span class='ocrx_word' id='word_1_347' title='bbox 605 4350 644 4414; x_wconf 85' lang='lat' dir='ltr'>II,</span> <span class='ocrx_word' id='word_1_348' title='bbox 662 4366 690 4416; x_wconf 87' lang='lat' dir='ltr'>p.</span> <span class='ocrx_word' id='word_1_349' title='bbox 704 4350 765 4404; x_wconf 81' lang='grc'><strong>667.</strong></span> 
     </span>
    </p>
   </div>
   <div class='ocr_carea' id='block_1_8' title="bbox 0 0 1504 4934">
    <p class='ocr_par' dir='ltr' id='par_1_10' title="bbox 0 0 1504 4934">
     <span class='ocr_line' id='line_1_47' title="bbox 0 0 1504 4934; baseline 0 0"><span class='ocrx_word' id='word_1_350' title='bbox 0 0 1504 4934; x_wconf 95' lang='lat' dir='ltr'> </span> 
     </span>
    </p>
   </div>
  </div>
 </body>
</html>
