3000 4934
183 374 236 427 368
403 370 459 424 ΠΙ.
494 370 616 424 INDEX
635 369 774 424 RERUM
791 369 841 422 ET
860 367 1086 424 VERBORUM.

221 551 288 616 1073
331 548 410 602 alteri
450 565 479 601 se
515 547 624 600 mulieri
660 564 726 600 con·
763 550 890 600 mutuare
908 551 968 602 319.

219 619 333 687 iungere
354 623 417 687 1173
436 619 535 672 mulier
551 619 581 671 in
593 636 642 671 suo
655 618 726 670 arbi·
763 621 891 671 mutuum
909 618 1032 686 accipere
1050 619 1110 672 319.

219 690 273 742 trio
310 690 459 743 consistens
496 693 562 757 104;
598 689 726 742 mulieres

220 760 382 813 clericorum
394 760 569 813 inmundiciis
581 760 726 827 inplicatae
1011 798 1043 851 Ν

222 836 287 899 111;
312 832 412 884 mulier
435 849 463 883 se
487 831 565 885 alteri
584 835 661 883 extra
679 848 726 883 vo·
1044 832 1056 852 ⁸

221 904 364 955 lumtatem
389 903 481 954 mariti
507 902 636 969 copulans
662 905 726 969 1173
763 917 858 953 nares:
877 901 906 952 in
924 901 1035 954 naribus
1053 917 1197 969 percussus
1218 904 1279 956 187.

220 973 367 1026 mulierum
380 973 530 1040 conpositio
543 975 611 1042 2483
628 973 727 1025 mulier
763 989 857 1024 nasus:
875 988 973 1024 nasum
991 972 1131 1025 abscidere
1151 975 1211 1028 198.

221 1043 378 1111 disponsata
397 1047 463 1111 104;
483 1044 505 1095 si
523 1061 559 1098 m.
579 1043 728 1096 intenderit
764 1043 869 1095 natales
888 1046 931 1098 92.

221 1114 370 1167 divortium
389 1113 449 1167 fieri
469 1117 535 1182 1193
559 1114 680 1167 mulieris
698 1114 727 1166 in
763 1114 888 1166 nationes
906 1117 968 1170 299.

221 1186 351 1238 maritum
370 1185 480 1238 donatio
500 1189 548 1253 91;
569 1186 598 1237 in
616 1185 727 1238 nomine
764 1184 911 1251 naturales,
933 1183 984 1236 filii
1001 1185 1139 1237 naturales
1164 1188 1227 1240 317.
1247 1189 1310 1241 318.

221 1257 343 1310 mulieris
361 1256 433 1309 facta
451 1256 562 1309 donat-io
584 1260 646 1325 145;
668 1274 727 1308 mu·
764 1255 944 1323 naufragare:
962 1255 986 1307 si
1003 1259 1114 1323 pratum
1132 1272 1150 1309 a
1162 1256 1310 1323 pecoribus

221 1327 295 1381 lieris
320 1327 369 1380 dos
394 1332 436 1383 90.
458 1330 516 1382 118.
538 1330 605 1395 1403
631 1327 728 1380 mulie·
800 1326 979 1394 naufragetur
996 1329 1057 1381 239.

222 1416 281 1451 rem
311 1398 452 1466 gravidam
487 1402 629 1466 percutere
662 1402 728 1466 1833
764 1396 939 1466 naufragium
958 1401 983 1452 6.
1002 1401 1044 1452 52.
1065 1400 1125 1453 162.
1143 1400 1206 1453 211.

222 1470 343 1522 mulieris
370 1469 506 1522 hereditas
536 1472 602 1537 119;
630 1469 730 1522 mulier
765 1485 848 1521 naves
865 1472 927 1524 253.
945 1470 1007 1523 254.

223 1541 342 1608 ingenua
355 1557 432 1593 servo
451 1558 480 1592 se
499 1540 666 1608 coniungens
680 1543 728 1608 943
765 1556 878 1592 necare:
904 1540 933 1591 in
951 1538 1104 1607 direptione
1122 1539 1216 1592 necari
1241 1544 1309 1610 232;

224 1627 316 1663 servus
341 1611 369 1662 in
395 1610 460 1679 fuga
484 1611 628 1663 mulierem
653 1611 728 1679 inge·
801 1609 871 1663 filios
890 1626 953 1662 suos
970 1613 1017 1662 aut
1029 1615 1107 1662 natos
1124 1613 1172 1663 ant
1187 1611 1312 1665 inutero

223 1698 306 1733 nuam
325 1681 375 1733 sibi
395 1681 525 1748 copulans
544 1685 612 1749 266;
631 1683 730 1734 mulier
801 1697 900 1734 necare
920 1683 980 1736 184.

223 1752 343 1820 ingenua
360 1768 376 1803 a
392 1752 475 1805 servis
488 1755 567 1820 rapta
587 1756 646 1808 100.
665 1756 729 1820 1013
766 1756 907 1805 necatores
924 1750 1044 1804 filiorum
1062 1768 1174 1804 suorum
1193 1756 1256 1808 184.

223 1823 331 1887 mulier,
357 1840 439 1890 quam
464 1840 549 1875 unum
573 1827 620 1874 aut
638 1824 730 1891 plures
766 1823 912 1876 necessitas
939 1826 981 1878 12.
1005 1825 1054 1890 81;
1079 1822 1169 1892 gravis
1191 1841 1220 1876 n.
1245 1828 1310 1892 1513

224 1894 350 1947 habuisse
373 1894 485 1946 maritos
509 1894 661 1947 constiterit
679 1897 730 1962 893
801 1894 908 1946 itineris
926 1911 953 1947 n.
973 1896 1020 1961 613
1046 1910 1089 1948 n.:
1114 1894 1251 1962 egritudo,
1270 1895 1312 1946 in-

224 1983 260 2019 m.
287 1965 399 2017 absente
423 1964 522 2017 marito
541 1965 624 2017 alium
649 1966 730 2018 mari-
802 1964 915 2017 nudatio
952 1963 1110 2032 fluminum,
1153 1966 1312 2033 conspersio

224 2040 284 2088 tum
303 2036 354 2088 sibi
372 2036 515 2089 adsumens
539 2040 588 2104 96;
613 2054 650 2088 m.
669 2040 732 2104 post
803 2035 940 2103 superflua
951 2035 1056 2088 nivium
1068 2039 1116 2103 50;
1134 2053 1184 2104 111·
1195 2038 1312 2089 necessi·

225 2112 342 2160 mortem
383 2108 475 2160 mariti
516 2105 588 2159 infra
629 2125 731 2160 annum
803 2110 888 2160 tatem
914 2107 1069 2159 cautionem
1096 2111 1259 2174 extorquere
1286 2112 1310 2163 7.

224 2179 330 2231 nubens
350 2181 409 2246 146,
428 2179 456 2230 11
475 2178 608 2247 pudicitia
624 2195 731 2245 111111-
806 2181 871 2245 163;
884 2178 1075 2230 necessitatem
1086 2177 1252 2231 venditionis
1265 2197 1311 2231 ex-

225 2266 293 2301 nens
316 2252 365 2316 ib.;
390 2250 499 2302 mulieri
517 2249 610 2301 mariti
626 2266 731 2302 1111111-
804 2253 933 2315 torquere
953 2252 1013 2304 156.

225 2321 315 2371 lorum
347 2320 530 2373 concubiton's
563 2321 641 2373 alteri
672 2320 731 2373 viro
768 2318 844 2373 nefas
864 2323 924 2375 119.
1274 2375 1276 2378 .

225 2390 330 2442 licitum
343 2390 378 2441 sit
389 2390 512 2443 nubendi
525 2394 576 2446 119
585 2408 636 2459 agg
654 2409 689 2445 m.
703 2391 731 2443 in
768 2407 883 2460 negare:
903 2391 925 2442 si
941 2389 1025 2443 iudex
1036 2389 1157 2458 sigillum
1168 2391 1313 2460 negaverit

227 2461 385 2527 parentibus
404 2461 458 2512 suis
476 2465 612 2527 potestate
630 2461 732 2514 tradita
804 2466 851 2529 503
862 2460 973 2514 sciendo
982 2461 1128 2514 veritatem
1137 2479 1238 2530 negare
1248 2466 1310 2518 321.

228 2531 380 2598 95;11.11
398 2531 450 2582 viri
468 2535 603 2598 potestate
621 2532 732 2585 redacta
767 2533 943 2602 negligentia,
961 2532 1142 2602 neglegentia,
1165 2534 1311 2601 neclegen-

229 2606 294 2669 119;
322 2602 517 2669 prevaricatrix
544 2620 581 2656 m.
608 2604 659 2671 ih,
694 2621 730 2658 m.
803 2605 842 2656 tia
869 2608 910 2658 16.
937 2606 979 2659 68.
1006 2607 1048 2658 91.
1076 2607 1135 2659 108.
1163 2607 1222 2658 134.
1250 2607 1309 2660 165.

226 2676 305 2739 rapta
333 2676 382 2741 993
409 2691 447 2728 m.
474 2673 636 2741 reppudiata
665 2677 731 2742 1173
804 2679 865 2731 253.
892 2678 954 2729 271.
984 2678 1052 2742 320;
1083 2690 1190 2742 oppon:
1220 2676 1310 2743 culpa,

226 2743 347 2796 mulieris
377 2744 510 2812 sc1iptura
539 2748 602 2813 1173
633 2745 732 2798 mulier
805 2763 882 2799 casus
895 2748 920 2800 4.
935 2749 959 2799 6.
974 2748 1033 2800 160.
1047 2748 1112 2813 161;
1126 2746 1311 2814 1111161111

226 2816 330 2883 mariti,
358 2815 406 2882 qui
430 2815 541 2869 cuilibet
567 2833 660 2868 servus
685 2817 731 2869 ad·
806 2820 872 2886 1283
891 2815 1245 2871 niudicumvelsaionum
1262 2820 1309 2885 603

226 2886 314 2939 dictus
349 2891 390 2939 est
427 2890 493 2955 1203
531 2891 665 2953 quantum
694 2905 730 2939 m.
804 2887 887 2940 iudex
899 2905 948 2955 per
960 2887 1163 2956 neglegentiam
1178 2891 1226 2940 aut
1238 2887 1311 2940 forte

226 2974 325 3026 sponso
344 2958 430 3025 possit
447 2957 513 3010 dare
531 2962 581 3026 903
606 2976 655 3026 m.,
679 2977 731 3027 que
804 2959 943 3011 redemtus
961 2965 1005 3012 cte.
1025 2962 1086 3014 110.

226 3029 311 3082 sciens
324 3029 413 3082 virum
430 3028 532 3082 habere
550 3047 665 3082 uxorem
683 3073 688 3085 .
703 3072 730 3085 ..
768 3029 952 3099 negotiatores
969 3029 1144 3082 transmarini
1168 3032 1229 3085 291.
1248 3032 1310 3084 294.

227 3100 401 3167 consenserit,
427 3105 459 3152 11
483 3100 534 3168 ipsi
560 3117 588 3153 se
613 3101 641 3152 in
668 3118 731 3153 con·
768 3101 917 3171 negotium,
937 3100 1047 3169 negotia
1065 3103 1108 3155 37.
1127 3103 1171 3154 44.
1190 3103 1240 3167 65;
1263 3116 1311 3153 ne-

225 3171 300 3240 iugio
319 3171 438 3239 copulet,
462 3171 596 3224 tradenda
613 3172 655 3224 illi
672 3189 731 3224 mu-

226 3242 286 3295 lieri
317 3241 471 3295 contemtae
502 3244 569 3310 1193
603 3243 731 3296 mulieres

225 3313 297 3366 viros
327 3313 452 3381 proprios
486 3318 644 3382 spernentes
680 3315 731 3382 ib.;

225 3400 262 3439 m.
286 3384 320 3436 de
339 3385 397 3437 viro
421 3401 470 3437 suo
489 3385 569 3437 certis
587 3388 732 3453 cognoscat

225 3454 341 3523 indiciis,
355 3456 376 3507 si
386 3472 450 3508 vere
461 3459 585 3508 mortuus
595 3454 678 3508 fuerit
687 3459 731 3512 96.

189 3526 340 3593 mulinum,
371 3526 519 3579 molinum:
550 3527 732 3579 instrumenta

225 3597 322 3649 mulini
349 3597 440 3650 fimare
465 3602 533 3666 210;
562 3597 596 3650 de
621 3599 731 3650 mulinis

226 3667 330 3734 aliquid
342 3668 463 3721 involare
475 3673 542 3738 210;
562 3674 665 3738 stagna,
679 3687 732 3737 que

226 3742 289 3790 sunt
307 3739 381 3791 circa
405 3739 509 3791 mulina
533 3743 602 3808 2543
627 3741 732 3793 mulina

226 3808 360 3860 violenter
378 3809 522 3879 effringere
540 3812 575 3865 ib.

190 3879 302 3931 multari
329 3881 372 3933 82.
402 3883 461 3934 177.
491 3883 550 3936 178.
580 3884 641 3936 220.
671 3885 731 3937 301.

190 4020 353 4074 multitudo:
379 4020 408 4072 in
433 4020 609 4074 multitudine
626 4021 732 4075 hictum

225 4093 339 4146 noxium
357 4093 467 4146 mittere
487 4095 546 4148 194.

190 4164 376 4218 munificentia
395 4164 526 4218 ecclesiae
546 4166 588 4220 12.
609 4167 676 4232 144;
694 4182 732 4220 m.

225 4238 296 4305 regis
317 4239 375 4292 142.

190 4308 310 4361 muneris
329 4307 451 4375 acceptio
471 4310 531 4363 108.
551 4310 611 4364 170.

803 3171 880 3240 gotia
898 3188 1040 3224 camaram
1059 3174 1100 3226 33.
1119 3174 1162 3226 46.
1176 3173 1244 3238 304;
1263 3188 1311 3224 ne-

804 3243 942 3313 gotiorum
955 3258 1053 3295 causae
1071 3244 1118 3309 47;
1136 3241 1312 3309 negotiorum

805 3314 992 3367 contentiones
1001 3313 1219 3381 2963negotium
1226 3313 1312 3365 actio·

804 3385 846 3436 nis
864 3388 906 3440 66.
919 3388 988 3452 285;
1006 3383 1180 3453 negotiorum
1198 3383 1312 3436 exordia

804 3454 1311 3524 593iudexnegotii49.322;(iudices),

804 3527 852 3594 qui
870 3544 904 3580 ex
922 3527 998 3595 regia
1008 3525 1128 3579 iussione
1141 3527 1189 3578 aut
1200 3542 1234 3578 ex
1247 3543 1312 3579 con·

804 3615 885 3651 sensu
903 3599 1024 3666 partium
1037 3597 1066 3649 in
1078 3597 1195 3667 negotiis
1208 3597 1311 3666 eligan-

803 3673 850 3722 tur
868 3673 918 3737 553
946 3699 977 3707 -
1001 3668 1153 3721 criminalia
1174 3670 1203 3721 et
1220 3673 1313 3721 cetera

804 3740 915 3808 negotia
938 3743 987 3808 47;
1012 3739 1150 3792 minorum
1168 3739 1313 3807 negotium

805 3815 872 3879 1353
897 3811 1048 3879 petitorum
1065 3810 1176 3880 negotia
1193 3813 1260 3879 277;
1283 3826 1311 3865 11

804 3882 978 3950 populorum,
994 3881 1116 3950 plebium
1128 3884 1179 3949 36;
1197 3898 1223 3935 n.
1237 3881 1313 3949 prin-

805 3953 897 4021 cipum
915 3956 958 4008 36.
971 3955 1021 4020 40;
1040 3952 1183 4021 negotium
1194 3952 1314 4020 speciale

804 4027 873 4092 2223
891 4023 1034 4092 negotium
1051 4023 1157 4092 legibus
1175 4022 1314 4076 inseratur

804 4099 853 4164 46;
873 4126 907 4134 -
926 4094 1068 4164 negotium
1087 4110 1168 4161 agere
1186 4110 1236 4161 per
1249 4093 1314 4146 sub·

805 4166 876 4218 ditos
890 4169 937 4233 66;
955 4182 983 4218 n.
996 4164 1091 4218 audire
1104 4169 1151 4233 62;
1171 4163 1314 4217 conveniri

805 4236 840 4290 da
864 4237 975 4305 negotio
1001 4239 1051 4304 59;
1080 4236 1114 4289 61
1141 4253 1168 4288 1.
1197 4234 1314 4289 definire

805 4311 873 4375 222;
898 4307 1042 4377 negotium
1060 4307 1150 4361 dicere
1175 4310 1218 4363 66.
1242 4310 1313 4376 230;
