3000 4934
239 370 268 424 X
675 367 906 423 PRAEFATIO.

241 553 305 617 bus
329 555 364 616 et
395 551 644 616 consuetudine
674 549 895 614 tenebamur.
942 548 987 612 Et
1013 569 1081 630 oon.
1107 555 1159 613 51.
1188 552 1225 615 de
1251 551 1360 616 Leooi-

237 639 325 722 qildo
347 639 463 719 refert:
487 640 531 702 In
549 638 685 722 legibus
704 658 839 720 quoque
857 658 906 714 ee,
929 658 1016 720 quae
1040 638 1083 702 ab
1100 639 1226 704 Ilurioo
1244 641 1360 706 inson-

241 730 313 794 dite
326 726 743 804 constitutividebantur,
757 728 913 803 correxit,
927 726 1093 810 plurimas
1105 728 1199 811 leges
1212 733 1360 812 praeter·

240 819 360 881 missas
376 817 538 893 adiciens,
563 816 744 899 plerasque
760 816 950 897 superfluas
967 815 1137 880 auferens.
1184 816 1257 880 Hos
1278 817 1360 882 solos

240 905 433 987 legislatores
455 925 543 985 reses
559 901 673 985 populi
694 901 747 966 sui
762 902 911 966 Isidorus
933 910 1093 985 roernorut,
1118 904 1289 970 Alaricum
1304 906 1358 970 II.

239 994 322 1074 forte
344 993 414 1057 ideo
438 991 590 1072 omittens,
617 989 694 1072 qula
716 1012 782 1054 uon
810 989 923 1055 Gotltis
946 991 1026 1072 leues
1049 991 1143 1073 dedit,
1166 995 1223 1057 sed
1244 993 1358 1058 Rorna-

239 1103 354 1146 norurn
377 1082 457 1163 loyes
480 1079 611 1162 oolleyit.
651 1079 730 1144 Oura
753 1078 866 1159 quibus
882 1078 1006 1143 Isidori
1028 1080 1132 1144 uerbis
1154 1081 1267 1162 optime
1290 1103 1359 1147 oon-

239 1170 347 1235 oenire
368 1169 516 1234 uidentur
538 1168 619 1250 loyes
642 1167 885 1249 Visiyotllorurn,
916 1187 997 1248 quas
1019 1168 1245 1249 laberiusysi
1274 1171 1358 1234 enirn

240 1257 356 1324 oodiois
371 1256 570 1322 Parisieusis
592 1256 775 1338 fraumenta
798 1261 827 1320 ot
849 1275 929 1336 quae
952 1255 988 1320 in
1004 1257 1088 1339 Leoe
1104 1257 1358 1323 Baiuoariorurn

240 1346 440 1413 eontinentur
469 1347 514 1409 ud
542 1343 769 1427 leyislationeul
791 1343 917 1425 Eurioi,
944 1342 1112 1426 ‘antiquas'
1136 1352 1239 1410 outoni
1262 1347 1358 1429 Leuis

238 1433 543 1501 Ileooessoiudiauae
577 1435 622 1497 od
653 1431 842 1497 reoisioneru
870 1455 892 1496 u
921 1433 1105 1516 Leooiyildo
1135 1456 1206 1516 reue
1237 1435 1358 1515 tuotorn

238 1544 429 1590 revocamus.

346 1611 502 1676 Euriourn
525 1616 683 1675 auotorern
705 1609 805 1690 fuisse
827 1609 1080 1691 fraumentorum
1109 1609 1176 1673 iarn
1205 1612 1358 1693 suspicati

239 1722 303 1766 esse
332 1699 480 1764 uidentur
508 1698 573 1763 oiri
602 1697 683 1764 dooti
716 1697 768 1762 illi
797 1697 921 1762 ordinis
954 1698 1058 1764 saneti
1086 1698 1265 1779 Benedicti,
1301 1701 1357 1781 qui

237 1788 433 1869 seripserunt
455 1809 531 1869 opus
553 1787 644 1863 illud,
675 1788 759 1868 quod
779 1785 983 1851 inscribitur:
1015 1784 1180 1852 ‘Nouoeau
1203 1787 1296 1851 truite
1319 1791 1357 1853 de

239 1876 471 1958 diplomatique'
496 1872 612 1953 (Paris
638 1881 721 1940 1750
737 1877 841 1958 sqq.);
865 1875 906 1955 ot.
933 1874 1048 1957 Guupp
1064 1897 1101 1956 p.
1127 1881 1186 1957 31;
1208 1875 1355 1959 Blullue,

238 1965 385 2046 Antiqua
408 1987 444 2046 p.
460 1970 512 2025 XI.
558 1962 748 2030 Friderious
776 1964 914 2029 Blulune
943 1970 1059 2046 autern,
1091 1963 1146 2045 qui
1174 1965 1357 2047 fraumenta

238 2053 345 2135 edidit,
370 2052 407 2117 in
430 2053 527 2118 libelli
550 2074 641 2135 saepe
665 2052 754 2117 oitati
770 2052 976 2135 praefatione
999 2074 1036 2117 eo
1059 2075 1126 2117 non
1147 2054 1278 2134 Eurioo,
1302 2057 1358 2119 sed

237 2143 417 2209 Reooaredo
444 2143 476 2206 I.
509 2139 786 2225 (a.586·-601)
821 2141 1005 2208 uindioaoit.
1063 2140 1162 2208 Cuius
1191 2143 1354 2223 sententia,

237 2231 382 2313 quamuis
403 2231 623 2311 fundamentis
644 2230 724 2295 satis
746 2230 888 2310 infirmis
910 2230 985 2295 niso
1008 2237 1037 2296 et
1058 2254 1079 2295 o
1102 2232 1163 2296 Tl.
1180 2232 1223 2296 Ε.
1241 2230 1356 2313 Goupp

237 2319 274 2384 iu
296 2319 476 2385 reeensiono
507 2316 527 2398 (
525 2318 624 2385 ‘Neue
647 2319 819 2385 Jonaisolie
847 2319 1030 2401 allyerneiue
1053 2319 1355 2402 Litteraturueituuo

245 2409 326 2490 VII,
353 2414 448 2489 1040,
472 2408 689 2490 p.161sqq.)
721 2412 750 2472 et
778 2407 815 2470 iu
846 2407 1054 2471 ‘Germanist
1078 2408 1254 2472 Autolol!
1284 2409 1304 2471 l.
1329 2430 1354 2472 o.

237 2497 363 2580 optimis
390 2519 429 2562 ea
458 2497 564 2564 causis
593 2496 743 2576 refutato,
768 2515 831 2575 per
853 2494 1027 2575 lonqinquo
1050 2501 1189 2575 tempora
1211 2495 1354 2560 obtinuit.

238 2585 343 2652 Seouti
365 2593 439 2650 suut
461 2607 531 2651 eaul
553 2585 637 2650 inter
654 2583 735 2648 ulios
750 2583 885 2664 Merkel,
902 2582 1088 2663 Helfferioll,
1107 2583 1226 2664 Stobos,
1243 2583 1354 2648 Dolon.

238 2676 351 2757 Nuper
385 2681 488 2740 autern
523 2675 568 2738 H.
599 2673 764 2752 Brunner,
797 2669 963 2735 ‘Deutsole
993 2670 1293 2752 Reolltsyesolliolite'
1324 2673 1354 2754 I,

229 2786 266 2846 p.
292 2769 354 2827 321
372 2784 438 2844 sqq.
478 2761 601 2843 Ganpii
639 2759 826 2826 sententiani
859 2759 927 2839 fere
962 2758 1090 2823 oblitum
1125 2760 1293 2842 resumpsit
1328 2768 1358 2826 et

236 2851 327 2918 noois
344 2873 387 2917 xeoo
403 2858 499 2933 parte
523 2849 627 2916 oanis
641 2847 800 2929 probauit.
840 2849 927 2929 Quos
942 2869 1027 2913 nuno
1043 2847 1176 2912 breuiter
1191 2869 1355 2929 enponarn,

229 2940 377 3024 propria,
401 2940 456 3004 ubi
478 2941 563 3004 loous
586 2945 639 3019 est,
663 2936 860 3002 munimento
883 2936 1060 3010 additurus.

343 3028 480 3092 Blulune
503 3026 618 3091 aititur
641 3026 715 3106 looo,
747 3025 802 3106 qui
831 3031 932 3089 enstat
961 3025 998 3089 iu
1025 3024 1199 3106 eaenulari
1221 3029 1357 3106 quadarn

235 3116 424 3198 interpolato
443 3114 610 3180 Historiae
626 3113 758 3195 Isidori,
783 3117 866 3195 quod
887 3115 1011 3180 soeculo
1029 3114 1141 3179 XIII.
1166 3115 1274 3180 Iuleos
1296 3114 1357 3196 eui·

236 3226 347 3286 saeuus
365 3203 522 3269 Tudensis
540 3225 616 3268 suae
640 3202 871 3269 Glroniooruul
894 3203 1065 3270 oolleotioni
1087 3203 1233 3269 inseruit.
1273 3205 1357 3270 Looo

236 3294 296 3358 isto
324 3293 525 3376 interpolato,
556 3291 611 3374 qui
638 3291 777 3375 yenuiuo
808 3292 894 3374 operi
918 3292 1042 3358 Isidori
1069 3296 1152 3358 deest
1161 3293 1181 3375 1,
1213 3296 1251 3358 de
1281 3294 1357 3358 Reo-

237 3385 350 3449 ouredo
377 3384 408 3448 I.
435 3382 592 3462 refertur:
622 3404 713 3448 anno
741 3383 839 3466 regni
867 3383 921 3446 sui
944 3387 1040 3446 sexto
1069 3381 1236 3446 Gothicas
1263 3383 1357 3465 leges

237 3473 467 3556 conpendiose
496 3472 582 3536 fecit
612 3471 823 3548 abbreviem
855 3469 896 3549 of.
929 3469 1062 3534 Solottil
1090 3468 1258 3550 Hispania
1287 3468 1357 3532 ill·

236 3565 338 3624 strota
362 3560 427 3641 IV,
444 3582 481 3642 p.
507 3565 559 3623 50.

348 3648 426 3730 Quis
441 3655 546 3714 autern
560 3645 664 3729 nauis
679 3648 817 3712 erederet
830 3644 1051 3727 interpolatori
1069 3643 1238 3727 ineoonito,
1262 3665 1358 3725 quoru

236 3735 300 3820 ipsi
322 3737 446 3802 auotori
468 3739 531 3817 Jlde
551 3734 765 3819 dionissium?
799 3733 948 3799 Isidorus
963 3733 1047 3798 enirn
1062 3733 1224 3816 episeopus
1238 3733 1357 3814 Hispo·

237 3825 347 3907 leuas,
382 3825 641 3908 metropolitanus
667 3823 856 3907 prooinoioe
887 3822 1053 3904 Baeticae,
1088 3822 1173 3887 iuter
1200 3821 1358 3905 primates

236 3914 437 3996 Hisponioue
467 3914 613 3981 ecelesiae
642 3913 771 3978 ineunte
799 3912 923 3978 sueoulo
953 3911 1036 3977 VII.
1059 3910 1358 3993 praestantissimus

236 4010 314 4085 erut,
346 4003 401 4085 qui
424 4009 578 4087 prueun
606 4001 749 4069 oonoiliis
775 4000 877 4082 renni,
908 3999 1087 4080 familiaris
1108 4021 1217 4082 roourn
1245 3998 1358 4064 Gotho-

236 4114 318 4174 ruru,
349 4115 415 4158 nou
443 4093 550 4158 uinus
572 4093 666 4157 rebus
681 4089 822 4173 publicis
844 4110 940 4171 quoru
962 4087 1180 4154 ecclesiasticis
1203 4093 1357 4170 oupertus.

240 4304 265 4368 1)
285 4302 328 4365 Cf.
341 4302 372 4354 de
383 4303 433 4354 loo
444 4319 475 4354 re
486 4303 598 4354 Areools’
608 4300 1025 4367 Proleoomeuaseuloidortauo
1037 4299 1077 4363 ΙΙ,
1089 4315 1147 4366 cop.
1158 4301 1201 4364 79,
1217 4301 1232 4361 ξ
1246 4300 1278 4352 16
1288 4313 1359 4363 sqq.‚·

238 4374 341 4425 Isidori
359 4373 446 4439 Opera
464 4375 488 4438 I,
504 4390 533 4440 p.
548 4376 600 4429 700
612 4389 668 4439 sqq.
