3000 4934
251 351 287 405 82
447 344 525 403 tax
542 343 656 401 VISIG.
675 343 948 401 Raccassviun.
984 343 1023 411 11,
1042 346 1068 410 ὃ,
1086 345 1184 400 9-11.

252 533 374 593 nentes
404 547 468 593 nec
498 528 736 593 testimonium
764 526 908 590 reddere
938 543 1011 601 nec,
1043 525 1099 588 si⁸
1131 518 1257 607 quarnh
1283 527 1384 591 forte

252 616 479 680 volumtatem
504 616 684 692 ediderint,
716 607 866 679 nullam¹
898 606 1052 737 poteritk
1085 612 1288 679 firmitatem
1323 616 1384 679 ha-

252 704 343 770 bere.
394 704 485 768 Nam
513 697 589 786 quil
620 723 680 787 per
707 700 892 766 intervalla
939 704 1134 784 temporum
1156 701 1212 765 vel
1235 722 1384 766 orarum

252 793 430 857 salutemm
453 792 615 856 videntur
642 792 793 874 recipere
824 792 859 855 et
889 789 1026 871 integra
1055 789 1233 853 interdum
1258 794 1383 855 mente

252 882 447 965 persistere,
485 880 526 943 de
557 880 627 942 suis
657 879 758 943 rebus
793 878 884 942 ferre
918 877 1087 941 iudicium
1120 877 1270 960 proiberi
1307 899 1384 943 non

252 971 456 1051 poteruntn.

359 1100 394 1156 X.
428 1098 597 1155 FLAVIUS
616 1098 830 1154 GLORIOSUS
849 1097 1159 1156 REOOESSVINDUS
1177 1099 1266 1157 REX.

254 1194 459 1273 Qualiter
489 1194 656 1258 confici
688 1193 757 1258 vel
790 1193 965 1257 firmari
1000 1195 1235 1258 conveniat
1268 1195 1380 1259 ulti·

508 1303 594 1346 mas
624 1282 811 1345 omnium
839 1281 1117 1346 volumtates.

359 1389 603 1453 Morientium⁸
632 1392 784 1451 extrema
806 1386 988 1462 volumtas,
1020 1387 1091 1452 sive
1114 1387 1160 1451 sit
1183 1389 1317 1453 autoris
1342 1393 1381 1453 et

252 1477 394 1541 testium
410 1498 516 1540 manu
532 1476 710 1560 suscripta,
728 1476 798 1539 sive
814 1468 1058 1558 utrarumqueb
1075 1476 1226 1559 partium
1241 1476 1374 1561 signis⁰

254 1565 407 1629 extiterit
429 1565 599 1642 roborata,
624 1565 694 1627 sive
717 1565 923 1627 tantumodo
939 1563 1050 1627 verbis
1075 1583 1188 1627 coram
1204 1565 1380 1648 probatio·
1410 1597 1438 1631 a.

253 1673 333 1717 nem
361 1653 513 1735 patuerit
541 1651 768 1736 promulgata,
797 1652 891 1715 omni
915 1652 1113 1735 perenniter
1134 1647 1270 1717 valere(1
1298 1653 1380 1719 sub·

254 1742 364 1804 sistat.
402 1739 444 1804 Id
459 1743 597 1804 tantum
612 1743 796 1822 maguum⁰
817 1760 918 1824 opere
942 1733 1217 1824 procurandumf
1236 1744 1300 1818 est,
1325 1745 1379 1819 ut,

253 1829 372 1912 quodg
393 1829 545 1892 instante
562 1821 796 1911 quocumquell
816 1828 969 1913 periculo
986 1828 1155 1892 conscribi
1170 1829 1379 1913 nequiverit,
1410 1862 1437 1896 a.

253 1918 347 1981 infra
376 1936 434 1981 sex
463 1909 650 1981 meusium¹
683 1916 833 2001 spatium
863 1917 922 1998 qui
952 1917 1017 1980 hoc
1048 1917 1222 1980 audierint
1251 1912 1377 1982 suamk
1410 1950 1437 1988 a.

254 2026 368 2070 coram
398 2005 511 2069 iudice
542 1999 770 2068 iurationeml
804 2005 1007 2068 confirment
1038 2006 1258 2088 eiusdemque
1288 2006 1381 2071 iura-

253 2095 362 2158 menti
391 2095 627 2158 condicionem
653 2096 726 2156 tam
754 2113 852 2156 suam
878 2112 981 2174 quam
1004 2094 1146 2157 testium
1169 2114 1275 2159 manu
1299 2115 1380 2159 con·

252 2183 426 2246 roborent.
473 2182 632 2266 Dumque
656 2182 720 2244 hec
743 2202 797 2245 res
821 2181 962 2265 plenum
982 2183 1116 2245 venerit
1139 2182 1175 2244 in
1199 2181 1379 2261 effectum,

253 2290 314 2354 pro
345 2270 496 2333 instanie
525 2271 578 2333 sui
605 2268 732 2333 laboris
760 2269 852 2333 idem
879 2272 985 2333 testes
1016 2289 1058 2333 ex
1088 2269 1246 2334 defuncti
1274 2269 1381 2337 bonis

252 2358 456 2427 trecensime
490 2357 640 2441 pretium
675 2357 841 2440 portionis
877 2361 1129 2442 prosequantur
1161 2358 1198 2421 in
1231 2354 1374 2423 solidisl

252 2447 495 2508 tautummodo
525 2445 673 2508 nummis
681 2450 714 2520 ¹¹¹,
747 2449 920 2508 cartarum
949 2447 1175 2510 strumentis¹1
1209 2449 1244 2510 et
1274 2445 1382 2512 libro·

252 2554 330 2596 rum
344 2533 578 2596 voluminibus
594 2534 825 2615 sequestratis,
850 2554 916 2615 que
932 2534 1156 2618 pertinebunt
1171 2535 1216 2598 ad
1231 2535 1383 2601 heredes

253 2622 455 2704 integritate
476 2621 708 2685 successionis.
746 2620 813 2698 Qui
832 2625 939 2686 testes
960 2622 1053 2686 infra
1073 2643 1132 2687 sex
1151 2642 1285 2687 menses
1304 2644 1383 2708 pro·

254 2713 376 2773 curent
399 2709 452 2772 illi
473 2709 687 2786 denuntiare,
712 2709 750 2772 iu
770 2710 866 2773 cuius
890 2711 1029 2775 nomine
1053 2731 1113 2795 per
1134 2710 1244 2776 talem
1263 2712 1383 2776 hordi-

254 2797 430 2861 nationem
466 2818 521 2862 res
555 2798 727 2861 translata
764 2799 955 2862 dinoscitur
990 2799 1153 2864 extitisse.
1212 2798 1314 2878 Quod
1350 2803 1384 2866 si

254 2891 410 2949 omnem⁰
443 2885 529 2969 legis
564 2886 667 2950 huius
700 2887 876 2951 decretum
905 2890 1012 2951 testes
1042 2887 1109 2963 illi,
1145 2887 1270 2970 quibus
1301 2909 1383 2952 con-

254 2974 396 3037 missum
426 2978 491 3051 est,
528 2975 621 3039 infra
655 2976 884 3039 constitutum
917 2980 1055 3059 tempus
1090 2976 1290 3040 distulerint
1321 2978 1382 3041 ad-

255 3062 397 3145 inplere,
422 3064 581 3128 noverint
604 3083 639 3128 se
662 3063 883 3128 falsariorum
907 3065 1032 3127 damno
1056 3063 1208 3128 multari.
1410 3098 1438 3137 a.

468 3216 520 3273 XI.
550 3216 716 3272 FLAVIUS
736 3216 1049 3273 OHINDASVINDUS
1068 3215 1156 3273 REX.

256 3310 462 3390 Qualiter
484 3312 723 3376 firmentur
744 3312 1015 3377 volumtates
1039 3332 1200 3388 eorum,
1231 3311 1306 3394 qui
1333 3310 1381 3375 in

576 3401 741 3464 itinere
769 3401 1055 3463 moriuntur².

364 3500 428 3569 Inb
455 3507 600 3569 itinerel
632 3525 777 3588 pergens
809 3509 870 3569 aut
898 3507 936 3568 in
967 3506 1184 3590 expeditione
1214 3505 1381 3591 publica¹

256 3594 419 3670 moriens,
456 3594 485 3657 si
518 3593 687 3675 ingenuos
722 3613 837 3657 secum
872 3615 941 3658 non
971 3594 1113 3672 habeat,
1148 3593 1381 3659 volumtatem

362 3749 384 3794 g)
399 3747 432 3785 sic
447 3747 496 3788 122.
556 3746 580 3796 h)
594 3757 639 3794 qua
653 3748 700 3790 121.
761 3748 777 3795 i)
791 3747 859 3786 ullam
873 3749 921 3790 ΒΞ.
983 3748 1182 3800 immenasas.
1246 3748 1381 3800 1)qae1›er

256 3799 376 3838 intervalle
390 3800 410 3838 R
419 3801 437 3841 1.
492 3800 521 3844 m)
535 3799 608 3839 salute
623 3801 669 3842 Rl.
724 3802 747 3846 n)
761 3804 884 3849 potuerunt
897 3803 942 3843 121.

363 3852 389 3894 X.
429 3854 452 3898 a)
467 3853 582 3892 Morientis
597 3854 643 3895 ΕΙ.
713 3854 736 3899 b)
753 3859 872 3902 utrumque
886 3856 938 3905 1³15
960 3859 1106 3903 utrorumque
1120 3855 1169 3896 ΒΞ.
1236 3853 1381 3905 clausent-

256 3904 424 3954 scriptionlbus,
441 3917 495 3955 quae
510 3905 560 3945 add.
572 3907 603 3947 ed.
614 3907 688 3955 Matr,
702 3907 745 3949 cles.
755 3909 803 3949 122.
816 3908 838 3946 Ε
846 3908 885 3949 1.2
900 3913 927 3956 et,
941 3913 964 3946 ut
979 3909 1071 3957 ridetur,
1086 3909 1152 3947 mlum
1165 3908 1212 3950 121.
1253 3905 1276 3954 d)
1290 3907 1323 3945 ita
1332 3919 1380 3957 pro

256 3958 334 3997 valore
348 3960 423 4001 Bm.
465 3961 485 4005 e)
499 3969 579 4006 magno
593 3971 662 4008 opere
676 3961 725 4002 Rs,
772 3961 938 4009 nprocuretur
948 3972 992 4010 pro
1005 3972 1066 4009 proc.
1081 3963 1176 4002 ostRl.
1223 3962 1245 4010 g)
1259 3961 1380 4004 demin.

256 4011 280 4059 h)
294 4009 451 4061 quodcumque
466 4013 511 4053 Ri.
552 4013 568 4059 l)
583 4023 699 4052 mensuum
711 4014 758 4054 122.
799 4014 1089 4064 meua-iurationem.
1130 4013 1306 4065 naamam
1322 4014 1380 4054 solis

256 4066 372 4107 cettcodd,
414 4065 600 4116 m)numhisR1.
644 4068 667 4113 n)
677 4067 768 4116 {raum
784 4067 991 4106 instrumentisR2
1006 4078 1053 4105 cum
1063 4071 1108 4108 cett.
1118 4068 1179 4110 codd.
1220 4066 1380 4114 olomneRR.

363 4118 401 4160 XI.
442 4118 465 4169 a)
479 4118 611 4161 moriuntur.
633 4120 660 4158 1n
674 4120 756 4159 itinere
770 4121 813 4162 des.
828 4121 874 4162 121.
928 4121 951 4167 b)
966 4120 1010 4167 Qui
1024 4121 1048 4159 in
1062 4121 1077 4162 i.
1090 4120 1139 4163 122.

258 4224 284 4283 ll
301 4224 376 4275 Satis
393 4230 495 4276 constat
513 4224 576 4275 haec
594 4241 627 4276 cx
644 4226 704 4276 iure
722 4226 842 4277 Bouiano
865 4233 970 4294 sumpta
994 4242 1064 4289 ecca·
1089 4229 1179 4279 minue
1203 4232 1299 4291 cutm,
1326 4242 1381 4294 quo

256 4310 289 4346 esc
307 4296 379 4359 sonte
397 4295 519 4347 haeremv‘t
538 4294 761 4350 Chindasoindus.
