<?xml version="1.0" encoding="UTF-8"?>
<!DOCTYPE html PUBLIC "-//W3C//DTD XHTML 1.0 Transitional//EN"
    "http://www.w3.org/TR/xhtml1/DTD/xhtml1-transitional.dtd">
<html xmlns="http://www.w3.org/1999/xhtml" xml:lang="en" lang="en">
 <head>
  <title>
</title>
<meta http-equiv="Content-Type" content="text/html;charset=utf-8" />
  <meta name='ocr-system' content='tesseract 3.04.00' />
  <meta name='ocr-capabilities' content='ocr_page ocr_carea ocr_par ocr_line ocrx_word'/>
</head>
<body>
  <div class='ocr_page' id='page_1' title='image "./fontesiurisgerm01unkngoog_0321.png"; bbox 0 0 3000 4934; ppageno 0'>
   <div class='ocr_carea' id='block_1_1' title="bbox 177 365 1090 432">
    <p class='ocr_par' dir='ltr' id='par_1_1' title="bbox 177 365 1090 432">
     <span class='ocr_line' id='line_1_1' title="bbox 177 365 1090 432; baseline 0.002 -11"><span class='ocrx_word' id='word_1_1' title='bbox 177 369 231 421; x_wconf 81' lang='lat'>284</span> <span class='ocrx_word' id='word_1_2' title='bbox 382 365 459 419; x_wconf 86' lang='lat' dir='ltr'>LEX</span> <span class='ocrx_word' id='word_1_3' title='bbox 479 365 591 420; x_wconf 80' lang='lat' dir='ltr'>VISIG.</span> <span class='ocrx_word' id='word_1_4' title='bbox 612 365 880 421; x_wconf 69' lang='lat' dir='ltr'>naccassvfflu.</span> <span class='ocrx_word' id='word_1_5' title='bbox 917 365 953 431; x_wconf 85' lang='lat' dir='ltr'>X,</span> <span class='ocrx_word' id='word_1_6' title='bbox 972 370 1090 432; x_wconf 80' lang='lat'>2‚1-4.</span> 
     </span>
    </p>
   </div>
   <div class='ocr_carea' id='block_1_2' title="bbox 213 547 1315 1162">
    <p class='ocr_par' dir='ltr' id='par_1_2' title="bbox 213 547 1315 1162">
     <span class='ocr_line' id='line_1_2' title="bbox 252 547 1310 631; baseline 0.004 -23"><span class='ocrx_word' id='word_1_7' title='bbox 252 547 301 608; x_wconf 92' lang='grc' dir='ltr'>ΙΙ.</span> <span class='ocrx_word' id='word_1_8' title='bbox 337 547 368 608; x_wconf 75' lang='lat' dir='ltr'>N</span> <span class='ocrx_word' id='word_1_9' title='bbox 372 570 389 609; x_wconf 87' lang='lat' dir='ltr'>e</span> <span class='ocrx_word' id='word_1_10' title='bbox 414 547 585 630; x_wconf 88' lang='lat' dir='ltr'>mancipia</span> <span class='ocrx_word' id='word_1_11' title='bbox 605 548 754 628; x_wconf 79' lang='lat' dir='ltr'>fugitiva</span> <span class='ocrx_word' id='word_1_12' title='bbox 778 551 855 631; x_wconf 92' lang='lat' dir='ltr'>post</span> <span class='ocrx_word' id='word_1_13' title='bbox 870 559 894 613; x_wconf 91' lang='lat' dir='ltr'>L</span> <span class='ocrx_word' id='word_1_14' title='bbox 911 569 1018 612; x_wconf 87' lang='lat' dir='ltr'>annos</span> <span class='ocrx_word' id='word_1_15' title='bbox 1035 550 1079 613; x_wconf 89' lang='lat' dir='ltr'>ad</span> <span class='ocrx_word' id='word_1_16' title='bbox 1096 550 1310 614; x_wconf 77' lang='lat' dir='ltr'>servitium⁰</span> 
     </span>
     <span class='ocr_line' id='line_1_3' title="bbox 337 640 551 699; baseline -0.005 -2"><span class='ocrx_word' id='word_1_17' title='bbox 337 640 551 699; x_wconf 80' lang='lat' dir='ltr'>revocentur.</span> 
     </span>
     <span class='ocr_line' id='line_1_4' title="bbox 233 718 1204 790; baseline 0.004 -6"><span class='ocrx_word' id='word_1_18' title='bbox 233 723 302 785; x_wconf 92' lang='lat' dir='ltr'>III.</span> <span class='ocrx_word' id='word_1_19' title='bbox 339 724 386 786; x_wconf 89' lang='lat' dir='ltr'>Ut</span> <span class='ocrx_word' id='word_1_20' title='bbox 411 744 528 786; x_wconf 87' lang='lat' dir='ltr'>ornnes</span> <span class='ocrx_word' id='word_1_21' title='bbox 552 744 653 788; x_wconf 88' lang='lat' dir='ltr'>cause</span> <span class='ocrx_word' id='word_1_22' title='bbox 676 718 906 788; x_wconf 77' lang='lat' dir='ltr'>tricenniumf</span> <span class='ocrx_word' id='word_1_23' title='bbox 934 726 1204 790; x_wconf 79' lang='lat' dir='ltr'><strong>concludantur.</strong></span> 
     </span>
     <span class='ocr_line' id='line_1_5' title="bbox 213 811 1315 901; baseline 0.005 -27"><span class='ocrx_word' id='word_1_24' title='bbox 213 811 302 874; x_wconf 92' lang='lat' dir='ltr'>IIII.</span> <span class='ocrx_word' id='word_1_25' title='bbox 338 812 386 874; x_wconf 88' lang='lat' dir='ltr'>Ut</span> <span class='ocrx_word' id='word_1_26' title='bbox 410 814 587 894; x_wconf 66' lang='lat' dir='ltr'>exceptisss</span> <span class='ocrx_word' id='word_1_27' title='bbox 614 813 786 876; x_wconf 83' lang='lat' dir='ltr'>fiscalibus</span> <span class='ocrx_word' id='word_1_28' title='bbox 814 814 919 877; x_wconf 88' lang='lat' dir='ltr'>servis</span> <span class='ocrx_word' id='word_1_29' title='bbox 946 815 1139 880; x_wconf 79' lang='lat' dir='ltr'>tricennale</span> <span class='ocrx_word' id='word_1_30' title='bbox 1163 819 1315 901; x_wconf 87' lang='lat' dir='ltr'>tempus</span> 
     </span>
     <span class='ocr_line' id='line_1_6' title="bbox 338 900 863 965; baseline 0.002 -3"><span class='ocrx_word' id='word_1_31' title='bbox 338 900 471 963; x_wconf 76' lang='lat' dir='ltr'>valeat⁰</span> <span class='ocrx_word' id='word_1_32' title='bbox 500 901 536 962; x_wconf 92' lang='lat' dir='ltr'>in</span> <span class='ocrx_word' id='word_1_33' title='bbox 560 901 718 964; x_wconf 86' lang='lat' dir='ltr'>omnibus</span> <span class='ocrx_word' id='word_1_34' title='bbox 743 902 863 965; x_wconf 88' lang='lat' dir='ltr'>causis.</span> 
     </span>
     <span class='ocr_line' id='line_1_7' title="bbox 261 987 861 1072; baseline 0.003 -23"><span class='ocrx_word' id='word_1_35' title='bbox 261 988 301 1050; x_wconf 92' lang='lat' dir='ltr'>V.</span> <span class='ocrx_word' id='word_1_36' title='bbox 338 987 390 1052; x_wconf 90' lang='lat' dir='ltr'>De</span> <span class='ocrx_word' id='word_1_37' title='bbox 414 989 666 1072; x_wconf 79' lang='lat' dir='ltr'>interruptione</span> <span class='ocrx_word' id='word_1_38' title='bbox 689 990 861 1054; x_wconf 78' lang='lat' dir='ltr'>tricennii.</span> 
     </span>
     <span class='ocr_line' id='line_1_8' title="bbox 240 1076 1134 1162; baseline 0.008 -26"><span class='ocrx_word' id='word_1_39' title='bbox 240 1077 301 1138; x_wconf 85' lang='lat' dir='ltr'>VI.</span> <span class='ocrx_word' id='word_1_40' title='bbox 337 1076 390 1140; x_wconf 88' lang='lat' dir='ltr'>Ne</span> <span class='ocrx_word' id='word_1_41' title='bbox 413 1077 604 1141; x_wconf 79' lang='lat' dir='ltr'>tricennale</span> <span class='ocrx_word' id='word_1_42' title='bbox 627 1082 764 1162; x_wconf 84' lang='lat' dir='ltr'>ternpus</span> <span class='ocrx_word' id='word_1_43' title='bbox 788 1079 945 1162; x_wconf 88' lang='lat' dir='ltr'>inpediat</span> <span class='ocrx_word' id='word_1_44' title='bbox 967 1080 1134 1162; x_wconf 73' lang='lat' dir='ltr'>religatis</span> 
     </span>
    </p>
   </div>
   <div class='ocr_carea' id='block_1_3' title="bbox 604 1229 870 1300">
    <p class='ocr_par' dir='ltr' id='par_1_3' title="bbox 604 1229 870 1300">
     <span class='ocr_line' id='line_1_9' title="bbox 604 1229 870 1300; baseline 0.011 -16"><span class='ocrx_word' id='word_1_45' title='bbox 604 1230 627 1286; x_wconf 86' lang='lat'>1.</span> <span class='ocrx_word' id='word_1_46' title='bbox 658 1229 870 1300; x_wconf 74' lang='lat' dir='ltr'>Axuenna.</span> 
     </span>
    </p>
   </div>
   <div class='ocr_carea' id='block_1_4' title="bbox 200 1341 1289 1515">
    <p class='ocr_par' dir='ltr' id='par_1_4' title="bbox 200 1341 1289 1515">
     <span class='ocr_line' id='line_1_10' title="bbox 200 1341 1289 1426; baseline 0.008 -22"><span class='ocrx_word' id='word_1_47' title='bbox 200 1342 260 1406; x_wconf 84' lang='lat' dir='ltr'>Ne</span> <span class='ocrx_word' id='word_1_48' title='bbox 291 1348 388 1426; x_wconf 89' lang='lat' dir='ltr'>post</span> <span class='ocrx_word' id='word_1_49' title='bbox 417 1355 441 1407; x_wconf 86' lang='lat' dir='ltr'>L</span> <span class='ocrx_word' id='word_1_50' title='bbox 470 1364 604 1406; x_wconf 89' lang='lat' dir='ltr'>annos</span> <span class='ocrx_word' id='word_1_51' title='bbox 635 1348 776 1407; x_wconf 86' lang='lat' dir='ltr'>sortes</span> <span class='ocrx_word' id='word_1_52' title='bbox 805 1341 961 1408; x_wconf 82' lang='lat' dir='ltr'>Getice</span> <span class='ocrx_word' id='word_1_53' title='bbox 990 1344 1058 1408; x_wconf 80' lang='lat' dir='ltr'>vel</span> <span class='ocrx_word' id='word_1_54' title='bbox 1088 1345 1289 1413; x_wconf 83' lang='lat' dir='ltr'>Romane</span> 
     </span>
     <span class='ocr_line' id='line_1_11' title="bbox 488 1433 977 1515; baseline 0.002 -22"><span class='ocrx_word' id='word_1_55' title='bbox 488 1433 675 1514; x_wconf 85' lang='lat' dir='ltr'>amplius</span> <span class='ocrx_word' id='word_1_56' title='bbox 705 1436 977 1515; x_wconf 79' lang='lat' dir='ltr'>repetantur.</span> 
     </span>
    </p>
   </div>
   <div class='ocr_carea' id='block_1_5' title="bbox 9 1536 1313 1711">
    <p class='ocr_par' dir='ltr' id='par_1_5' title="bbox 9 1536 1313 1711">
     <span class='ocr_line' id='line_1_12' title="bbox 9 1536 1313 1623; baseline 0.011 -30"><span class='ocrx_word' id='word_1_57' title='bbox 9 1560 168 1601; x_wconf 63' lang='lat' dir='ltr'>ananan.</span> <span class='ocrx_word' id='word_1_58' title='bbox 286 1537 401 1600; x_wconf 84' lang='lat' dir='ltr'>Sortes</span> <span class='ocrx_word' id='word_1_59' title='bbox 439 1536 561 1601; x_wconf 85' lang='lat' dir='ltr'>Gotice</span> <span class='ocrx_word' id='word_1_60' title='bbox 601 1541 635 1601; x_wconf 89' lang='lat' dir='ltr'>et</span> <span class='ocrx_word' id='word_1_61' title='bbox 674 1539 779 1602; x_wconf 85' lang='lat' dir='ltr'>tertia</span> <span class='ocrx_word' id='word_1_62' title='bbox 813 1538 1060 1614; x_wconf 78' lang='lat' dir='ltr'>Romanorum,</span> <span class='ocrx_word' id='word_1_63' title='bbox 1101 1561 1169 1623; x_wconf 90' lang='lat' dir='ltr'>que</span> <span class='ocrx_word' id='word_1_64' title='bbox 1211 1543 1313 1607; x_wconf 88' lang='lat' dir='ltr'>intra</span> 
     </span>
     <span class='ocr_line' id='line_1_13' title="bbox 178 1626 1262 1711; baseline 0.005 -23"><span class='ocrx_word' id='word_1_65' title='bbox 178 1636 202 1688; x_wconf 89' lang='lat' dir='ltr'>L</span> <span class='ocrx_word' id='word_1_66' title='bbox 223 1646 330 1687; x_wconf 88' lang='lat' dir='ltr'>annos</span> <span class='ocrx_word' id='word_1_67' title='bbox 354 1647 423 1688; x_wconf 92' lang='lat' dir='ltr'>non</span> <span class='ocrx_word' id='word_1_68' title='bbox 447 1626 579 1688; x_wconf 84' lang='lat' dir='ltr'>fuerint</span> <span class='ocrx_word' id='word_1_69' title='bbox 602 1630 770 1700; x_wconf 77' lang='lat' dir='ltr'>revocate,</span> <span class='ocrx_word' id='word_1_70' title='bbox 795 1627 892 1690; x_wconf 91' lang='lat' dir='ltr'>nullo</span> <span class='ocrx_word' id='word_1_71' title='bbox 916 1628 1017 1692; x_wconf 87' lang='lat' dir='ltr'>modo</span> <span class='ocrx_word' id='word_1_72' title='bbox 1039 1632 1262 1711; x_wconf 85' lang='lat' dir='ltr'>repetantur.</span> 
     </span>
    </p>
   </div>
   <div class='ocr_carea' id='block_1_6' title="bbox 596 1779 880 1849">
    <p class='ocr_par' dir='ltr' id='par_1_6' title="bbox 596 1779 880 1849">
     <span class='ocr_line' id='line_1_14' title="bbox 596 1779 880 1849; baseline 0.014 -17"><span class='ocrx_word' id='word_1_73' title='bbox 596 1779 634 1834; x_wconf 90' lang='grc' dir='ltr'>Π.</span> <span class='ocrx_word' id='word_1_74' title='bbox 666 1779 842 1849; x_wconf 78' lang='lat' dir='ltr'><strong>ANTIQL&#39;A</strong></span> <span class='ocrx_word' id='word_1_75' title='bbox 853 1790 880 1836; x_wconf 55' lang='grc' dir='ltr'>ἃ.</span> 
     </span>
    </p>
   </div>
   <div class='ocr_carea' id='block_1_7' title="bbox 20 1889 1311 2252">
    <p class='ocr_par' dir='ltr' id='par_1_7' title="bbox 178 1889 1311 1975">
     <span class='ocr_line' id='line_1_15' title="bbox 178 1889 1311 1975; baseline 0.006 -23"><span class='ocrx_word' id='word_1_76' title='bbox 178 1889 237 1954; x_wconf 89' lang='lat' dir='ltr'>Ne</span> <span class='ocrx_word' id='word_1_77' title='bbox 268 1892 486 1975; x_wconf 88' lang='lat' dir='ltr'>mancipia</span> <span class='ocrx_word' id='word_1_78' title='bbox 516 1891 713 1974; x_wconf 83' lang='lat' dir='ltr'>fugitiva</span> <span class='ocrx_word' id='word_1_79' title='bbox 743 1897 840 1974; x_wconf 88' lang='lat' dir='ltr'>post</span> <span class='ocrx_word' id='word_1_80' title='bbox 871 1904 894 1956; x_wconf 85' lang='lat' dir='ltr'>L</span> <span class='ocrx_word' id='word_1_81' title='bbox 923 1913 1056 1956; x_wconf 88' lang='lat' dir='ltr'>annos</span> <span class='ocrx_word' id='word_1_82' title='bbox 1088 1894 1140 1957; x_wconf 88' lang='lat' dir='ltr'>ad</span> <span class='ocrx_word' id='word_1_83' title='bbox 1170 1897 1311 1960; x_wconf 87' lang='lat' dir='ltr'>servi-</span> 
     </span>
    </p>

    <p class='ocr_par' dir='ltr' id='par_1_8' title="bbox 20 1981 1309 2252">
     <span class='ocr_line' id='line_1_16' title="bbox 531 1981 943 2044; baseline 0 -2"><span class='ocrx_word' id='word_1_84' title='bbox 531 1981 640 2042; x_wconf 91' lang='lat' dir='ltr'>tium</span> <span class='ocrx_word' id='word_1_85' title='bbox 669 1985 943 2044; x_wconf 80' lang='lat' dir='ltr'>revocentur.</span> 
     </span>
     <span class='ocr_line' id='line_1_17' title="bbox 20 2080 1309 2170; baseline 0.009 -27"><span class='ocrx_word' id='word_1_86' title='bbox 20 2110 167 2151; x_wconf 59' lang='lat' dir='ltr'>ananan,</span> <span class='ocrx_word' id='word_1_87' title='bbox 284 2087 458 2170; x_wconf 86' lang='lat' dir='ltr'>Mancipia</span> <span class='ocrx_word' id='word_1_88' title='bbox 484 2087 643 2169; x_wconf 79' lang='lat' dir='ltr'>fugitiva,</span> <span class='ocrx_word' id='word_1_89' title='bbox 675 2107 741 2169; x_wconf 90' lang='lat' dir='ltr'>que</span> <span class='ocrx_word' id='word_1_90' title='bbox 771 2080 887 2149; x_wconf 86' lang='lat' dir='ltr'>intrab</span> <span class='ocrx_word' id='word_1_91' title='bbox 915 2087 1169 2170; x_wconf 88' lang='lat' dir='ltr'>quinquaginta</span> <span class='ocrx_word' id='word_1_92' title='bbox 1194 2110 1309 2154; x_wconf 89' lang='lat' dir='ltr'>annos</span> 
     </span>
     <span class='ocr_line' id='line_1_18' title="bbox 177 2175 1309 2252; baseline 0.005 -16"><span class='ocrx_word' id='word_1_93' title='bbox 177 2175 318 2238; x_wconf 86' lang='lat' dir='ltr'>inventa</span> <span class='ocrx_word' id='word_1_94' title='bbox 348 2197 417 2237; x_wconf 92' lang='lat' dir='ltr'>non</span> <span class='ocrx_word' id='word_1_95' title='bbox 447 2176 589 2252; x_wconf 81' lang='lat' dir='ltr'>fuerint,</span> <span class='ocrx_word' id='word_1_96' title='bbox 621 2196 690 2239; x_wconf 91' lang='lat' dir='ltr'>non</span> <span class='ocrx_word' id='word_1_97' title='bbox 721 2175 825 2238; x_wconf 86' lang='lat' dir='ltr'>liceat</span> <span class='ocrx_word' id='word_1_98' title='bbox 855 2177 899 2238; x_wconf 88' lang='lat' dir='ltr'>ad</span> <span class='ocrx_word' id='word_1_99' title='bbox 927 2176 1105 2239; x_wconf 80' lang='lat' dir='ltr'>servitium</span> <span class='ocrx_word' id='word_1_100' title='bbox 1128 2197 1309 2243; x_wconf 85' lang='lat' dir='ltr'>revocare.</span> 
     </span>
    </p>
   </div>
   <div class='ocr_carea' id='block_1_8' title="bbox 587 2327 885 2397">
    <p class='ocr_par' dir='ltr' id='par_1_9' title="bbox 587 2327 885 2397">
     <span class='ocr_line' id='line_1_19' title="bbox 587 2327 885 2397; baseline 0.01 -17"><span class='ocrx_word' id='word_1_101' title='bbox 587 2327 641 2382; x_wconf 82' lang='lat' dir='ltr'>nr.</span> <span class='ocrx_word' id='word_1_102' title='bbox 673 2327 885 2397; x_wconf 75' lang='lat' dir='ltr'>ANTIQUAa.</span> 
     </span>
    </p>
   </div>
   <div class='ocr_carea' id='block_1_9' title="bbox 178 2433 1307 2506">
    <p class='ocr_par' dir='ltr' id='par_1_10' title="bbox 178 2433 1307 2506">
     <span class='ocr_line' id='line_1_20' title="bbox 178 2433 1307 2506; baseline 0.004 -4"><span class='ocrx_word' id='word_1_103' title='bbox 178 2438 234 2502; x_wconf 89' lang='lat' dir='ltr'>Ut</span> <span class='ocrx_word' id='word_1_104' title='bbox 269 2459 412 2501; x_wconf 88' lang='lat' dir='ltr'>omnes</span> <span class='ocrx_word' id='word_1_105' title='bbox 448 2433 600 2502; x_wconf 84' lang='lat' dir='ltr'>causeb</span> <span class='ocrx_word' id='word_1_106' title='bbox 634 2440 902 2503; x_wconf 90' lang='lat' dir='ltr'>tricennium</span> <span class='ocrx_word' id='word_1_107' title='bbox 933 2437 1307 2506; x_wconf 74' lang='lat' dir='ltr'>concludanturb.</span> 
     </span>
    </p>
   </div>
   <div class='ocr_carea' id='block_1_10' title="bbox 22 2543 1361 3141">
    <p class='ocr_par' dir='ltr' id='par_1_11' title="bbox 22 2543 1361 3141">
     <span class='ocr_line' id='line_1_21' title="bbox 22 2543 1308 2621; baseline 0.009 -18"><span class='ocrx_word' id='word_1_108' title='bbox 22 2568 168 2610; x_wconf 64' lang='lat' dir='ltr'>aaran.</span> <span class='ocrx_word' id='word_1_109' title='bbox 286 2543 434 2607; x_wconf 88' lang='lat' dir='ltr'>Omnesl</span> <span class='ocrx_word' id='word_1_110' title='bbox 465 2565 593 2621; x_wconf 78' lang='lat' dir='ltr'>causas,</span> <span class='ocrx_word' id='word_1_111' title='bbox 626 2566 686 2609; x_wconf 91' lang='lat' dir='ltr'>seu</span> <span class='ocrx_word' id='word_1_112' title='bbox 717 2545 823 2609; x_wconf 88' lang='lat' dir='ltr'>bonas</span> <span class='ocrx_word' id='word_1_113' title='bbox 853 2547 924 2611; x_wconf 90' lang='lat' dir='ltr'>sive</span> <span class='ocrx_word' id='word_1_114' title='bbox 953 2547 1071 2621; x_wconf 85' lang='lat' dir='ltr'>malas,</span> <span class='ocrx_word' id='word_1_115' title='bbox 1103 2550 1166 2610; x_wconf 90' lang='lat' dir='ltr'>aut</span> <span class='ocrx_word' id='word_1_116' title='bbox 1195 2549 1308 2614; x_wconf 88' lang='lat' dir='ltr'>etiam</span> 
     </span>
     <span class='ocr_line' id='line_1_22' title="bbox 179 2633 1305 2717; baseline 0.005 -21"><span class='ocrx_word' id='word_1_117' title='bbox 179 2633 382 2705; x_wconf 79' lang='lat' dir='ltr'>criminales,</span> <span class='ocrx_word' id='word_1_118' title='bbox 414 2653 480 2715; x_wconf 91' lang='lat' dir='ltr'>que</span> <span class='ocrx_word' id='word_1_119' title='bbox 510 2634 620 2696; x_wconf 75' lang='lat' dir='ltr'>infra⁰</span> <span class='ocrx_word' id='word_1_120' title='bbox 649 2645 733 2698; x_wconf 84' lang='lat' dir='ltr'>XXX</span> <span class='ocrx_word' id='word_1_121' title='bbox 757 2656 863 2698; x_wconf 89' lang='lat' dir='ltr'>annos</span> <span class='ocrx_word' id='word_1_122' title='bbox 893 2636 1034 2698; x_wconf 85' lang='lat' dir='ltr'>definite</span> <span class='ocrx_word' id='word_1_123' title='bbox 1061 2656 1132 2698; x_wconf 89' lang='lat' dir='ltr'>non</span> <span class='ocrx_word' id='word_1_124' title='bbox 1155 2636 1305 2717; x_wconf 81' lang='lat' dir='ltr'>fuerint,</span> 
     </span>
     <span class='ocr_line' id='line_1_23' title="bbox 177 2722 1361 2805; baseline 0.006 -20"><span class='ocrx_word' id='word_1_125' title='bbox 177 2722 232 2785; x_wconf 88' lang='lat' dir='ltr'>vel</span> <span class='ocrx_word' id='word_1_126' title='bbox 248 2722 429 2804; x_wconf 78' lang='lat' dir='ltr'>mancipia,</span> <span class='ocrx_word' id='word_1_127' title='bbox 454 2742 519 2804; x_wconf 90' lang='lat' dir='ltr'>que</span> <span class='ocrx_word' id='word_1_128' title='bbox 539 2723 575 2785; x_wconf 90' lang='lat' dir='ltr'>in</span> <span class='ocrx_word' id='word_1_129' title='bbox 593 2724 813 2786; x_wconf 88' lang='lat' dir='ltr'>contentione</span> <span class='ocrx_word' id='word_1_130' title='bbox 829 2725 940 2805; x_wconf 87' lang='lat' dir='ltr'>posita</span> <span class='ocrx_word' id='word_1_131' title='bbox 956 2724 1096 2787; x_wconf 81' lang='lat' dir='ltr'>fuerant</span> <span class='ocrx_word' id='word_1_132' title='bbox 1119 2728 1183 2787; x_wconf 90' lang='lat' dir='ltr'>aut</span> <span class='ocrx_word' id='word_1_133' title='bbox 1207 2731 1305 2804; x_wconf 87' lang='lat' dir='ltr'>sunt,</span> <span class='ocrx_word' id='word_1_134' title='bbox 1335 2757 1361 2794; x_wconf 86' lang='lat' dir='ltr'>a.</span> 
     </span>
     <span class='ocr_line' id='line_1_24' title="bbox 178 2810 1307 2899; baseline 0.006 -26"><span class='ocrx_word' id='word_1_135' title='bbox 178 2811 206 2873; x_wconf 91' lang='lat' dir='ltr'>si</span> <span class='ocrx_word' id='word_1_136' title='bbox 230 2810 373 2874; x_wconf 87' lang='lat' dir='ltr'>definita</span> <span class='ocrx_word' id='word_1_137' title='bbox 397 2812 508 2893; x_wconf 87' lang='lat' dir='ltr'>adque</span> <span class='ocrx_word' id='word_1_138' title='bbox 532 2815 653 2875; x_wconf 84' lang='lat' dir='ltr'>exacta</span> <span class='ocrx_word' id='word_1_139' title='bbox 682 2833 752 2874; x_wconf 91' lang='lat' dir='ltr'>non</span> <span class='ocrx_word' id='word_1_140' title='bbox 781 2811 923 2881; x_wconf 78' lang='lat' dir='ltr'>fuerint.</span> <span class='ocrx_word' id='word_1_141' title='bbox 955 2812 1052 2875; x_wconf 91' lang='lat' dir='ltr'>nullo</span> <span class='ocrx_word' id='word_1_142' title='bbox 1076 2813 1180 2876; x_wconf 87' lang='lat' dir='ltr'>modo</span> <span class='ocrx_word' id='word_1_143' title='bbox 1207 2835 1307 2899; x_wconf 77' lang='lat' dir='ltr'>repe</span> 
     </span>
     <span class='ocr_line' id='line_1_25' title="bbox 176 2899 1306 2983; baseline 0.006 -21"><span class='ocrx_word' id='word_1_144' title='bbox 176 2902 307 2962; x_wconf 89' lang='lat' dir='ltr'>tantur.</span> <span class='ocrx_word' id='word_1_145' title='bbox 355 2899 391 2962; x_wconf 83' lang='lat' dir='ltr'>Si</span> <span class='ocrx_word' id='word_1_146' title='bbox 418 2900 494 2982; x_wconf 89' lang='lat' dir='ltr'>quis</span> <span class='ocrx_word' id='word_1_147' title='bbox 523 2903 639 2963; x_wconf 88' lang='lat' dir='ltr'>autem</span> <span class='ocrx_word' id='word_1_148' title='bbox 667 2903 745 2983; x_wconf 87' lang='lat' dir='ltr'>post</span> <span class='ocrx_word' id='word_1_149' title='bbox 768 2900 860 2963; x_wconf 90' lang='lat' dir='ltr'>hunc</span> <span class='ocrx_word' id='word_1_150' title='bbox 884 2912 968 2965; x_wconf 80' lang='lat' dir='ltr'>XXX</span> <span class='ocrx_word' id='word_1_151' title='bbox 991 2921 1159 2964; x_wconf 89' lang='lat' dir='ltr'>annorum</span> <span class='ocrx_word' id='word_1_152' title='bbox 1183 2923 1306 2969; x_wconf 77' lang='lat' dir='ltr'>nume</span> 
     </span>
     <span class='ocr_line' id='line_1_26' title="bbox 176 2983 1305 3069; baseline 0.004 -18"><span class='ocrx_word' id='word_1_153' title='bbox 176 3010 253 3051; x_wconf 90' lang='lat' dir='ltr'>rum</span> <span class='ocrx_word' id='word_1_154' title='bbox 276 3008 413 3051; x_wconf 85' lang='lat' dir='ltr'>causam</span> <span class='ocrx_word' id='word_1_155' title='bbox 430 3009 565 3052; x_wconf 79' lang='lat' dir='ltr'>morere</span> <span class='ocrx_word' id='word_1_156' title='bbox 580 2989 788 3064; x_wconf 81' lang='lat' dir='ltr'>temtaverit,</span> <span class='ocrx_word' id='word_1_157' title='bbox 814 2983 887 3052; x_wconf 82' lang='lat' dir='ltr'>sted</span> <span class='ocrx_word' id='word_1_158' title='bbox 906 3009 1069 3053; x_wconf 87' lang='lat' dir='ltr'>numerus</span> <span class='ocrx_word' id='word_1_159' title='bbox 1093 2989 1125 3053; x_wconf 92' lang='lat' dir='ltr'>ei</span> <span class='ocrx_word' id='word_1_160' title='bbox 1147 2991 1305 3069; x_wconf 87' lang='lat' dir='ltr'>resistat,</span> 
     </span>
     <span class='ocr_line' id='line_1_27' title="bbox 177 3077 1113 3141; baseline -0.003 0"><span class='ocrx_word' id='word_1_161' title='bbox 177 3081 212 3141; x_wconf 92' lang='lat' dir='ltr'>et</span> <span class='ocrx_word' id='word_1_162' title='bbox 235 3077 359 3140; x_wconf 87' lang='lat' dir='ltr'>libram</span> <span class='ocrx_word' id='word_1_163' title='bbox 383 3078 458 3140; x_wconf 90' lang='lat' dir='ltr'>auri</span> <span class='ocrx_word' id='word_1_164' title='bbox 480 3078 536 3140; x_wconf 89' lang='lat' dir='ltr'>cui</span> <span class='ocrx_word' id='word_1_165' title='bbox 558 3097 618 3140; x_wconf 83' lang='lat' dir='ltr'>rex</span> <span class='ocrx_word' id='word_1_166' title='bbox 642 3078 779 3141; x_wconf 88' lang='lat' dir='ltr'>iusserit</span> <span class='ocrx_word' id='word_1_167' title='bbox 803 3081 942 3140; x_wconf 86' lang='lat' dir='ltr'>coactus</span> <span class='ocrx_word' id='word_1_168' title='bbox 967 3078 1113 3141; x_wconf 84' lang='lat' dir='ltr'>exolvat.</span> 
     </span>
    </p>
   </div>
   <div class='ocr_carea' id='block_1_11' title="bbox 265 3247 1201 3304">
    <p class='ocr_par' dir='ltr' id='par_1_12' title="bbox 265 3247 1201 3304">
     <span class='ocr_line' id='line_1_28' title="bbox 265 3247 1201 3304; baseline 0.003 -4"><span class='ocrx_word' id='word_1_169' title='bbox 265 3248 335 3304; x_wconf 88' lang='grc' dir='ltr'><strong>ΙΙΠ.</strong></span> <span class='ocrx_word' id='word_1_170' title='bbox 366 3247 534 3302; x_wconf 83' lang='lat' dir='ltr'>FLAVIUS</span> <span class='ocrx_word' id='word_1_171' title='bbox 553 3247 767 3302; x_wconf 86' lang='lat' dir='ltr'><strong>GLORIOSUS</strong></span> <span class='ocrx_word' id='word_1_172' title='bbox 785 3247 1093 3302; x_wconf 75' lang='lat' dir='ltr'>REOCESSVINDUS</span> <span class='ocrx_word' id='word_1_173' title='bbox 1112 3247 1201 3304; x_wconf 86' lang='lat' dir='ltr'>REX.</span> 
     </span>
    </p>
   </div>
   <div class='ocr_carea' id='block_1_12' title="bbox 221 3359 1255 3532">
    <p class='ocr_par' dir='ltr' id='par_1_13' title="bbox 221 3359 1255 3532">
     <span class='ocr_line' id='line_1_29' title="bbox 221 3359 1255 3444; baseline 0.002 -21"><span class='ocrx_word' id='word_1_174' title='bbox 221 3361 276 3423; x_wconf 91' lang='lat' dir='ltr'>Ut</span> <span class='ocrx_word' id='word_1_175' title='bbox 307 3361 528 3444; x_wconf 77' lang='lat' dir='ltr'>exceptisa</span> <span class='ocrx_word' id='word_1_176' title='bbox 560 3359 798 3423; x_wconf 84' lang='lat' dir='ltr'>fiscalibus</span> <span class='ocrx_word' id='word_1_177' title='bbox 833 3360 971 3423; x_wconf 80' lang='lat' dir='ltr'>serris</span> <span class='ocrx_word' id='word_1_178' title='bbox 1001 3360 1255 3425; x_wconf 86' lang='lat' dir='ltr'>tricennale</span> 
     </span>
     <span class='ocr_line' id='line_1_30' title="bbox 326 3448 1143 3532; baseline -0.002 -21"><span class='ocrx_word' id='word_1_179' title='bbox 326 3452 497 3532; x_wconf 85' lang='lat' dir='ltr'>tempus</span> <span class='ocrx_word' id='word_1_180' title='bbox 520 3449 669 3512; x_wconf 80' lang='lat' dir='ltr'>valeat</span> <span class='ocrx_word' id='word_1_181' title='bbox 696 3449 740 3510; x_wconf 94' lang='lat' dir='ltr'>in</span> <span class='ocrx_word' id='word_1_182' title='bbox 763 3448 962 3511; x_wconf 90' lang='lat' dir='ltr'>omnibus</span> <span class='ocrx_word' id='word_1_183' title='bbox 990 3448 1143 3511; x_wconf 88' lang='lat' dir='ltr'>causis.</span> 
     </span>
    </p>
   </div>
   <div class='ocr_carea' id='block_1_13' title="bbox 175 3548 1304 3725">
    <p class='ocr_par' dir='ltr' id='par_1_14' title="bbox 175 3548 1304 3725">
     <span class='ocr_line' id='line_1_31' title="bbox 283 3548 1299 3638; baseline 0.001 -20"><span class='ocrx_word' id='word_1_184' title='bbox 283 3554 370 3638; x_wconf 80' lang='lat' dir='ltr'>Sepe</span> <span class='ocrx_word' id='word_1_185' title='bbox 383 3555 599 3637; x_wconf 88' lang='lat' dir='ltr'>conpetentis</span> <span class='ocrx_word' id='word_1_186' title='bbox 615 3554 772 3617; x_wconf 88' lang='lat' dir='ltr'>indebita</span> <span class='ocrx_word' id='word_1_187' title='bbox 783 3548 969 3617; x_wconf 84' lang='lat' dir='ltr'>resolutiob</span> <span class='ocrx_word' id='word_1_188' title='bbox 981 3555 1065 3616; x_wconf 90' lang='lat' dir='ltr'>iuris</span> <span class='ocrx_word' id='word_1_189' title='bbox 1077 3555 1299 3620; x_wconf 79' lang='lat' dir='ltr'>evaniscere⁰</span> 
     </span>
     <span class='ocr_line' id='line_1_32' title="bbox 175 3638 1304 3725; baseline 0.004 -19"><span class='ocrx_word' id='word_1_190' title='bbox 175 3644 262 3706; x_wconf 81' lang='lat' dir='ltr'>iacit</span> <span class='ocrx_word' id='word_1_191' title='bbox 290 3647 420 3706; x_wconf 88' lang='lat' dir='ltr'>statum</span> <span class='ocrx_word' id='word_1_192' title='bbox 442 3644 533 3706; x_wconf 89' lang='lat' dir='ltr'>iuste</span> <span class='ocrx_word' id='word_1_193' title='bbox 556 3643 786 3725; x_wconf 69' lang='lat' dir='ltr'>possessionis</span> <span class='ocrx_word' id='word_1_194' title='bbox 818 3638 879 3706; x_wconf 83' lang='lat' dir='ltr'>etd</span> <span class='ocrx_word' id='word_1_195' title='bbox 910 3644 1002 3725; x_wconf 90' lang='lat' dir='ltr'>quod</span> <span class='ocrx_word' id='word_1_196' title='bbox 1033 3642 1131 3705; x_wconf 90' lang='lat' dir='ltr'>nulla</span> <span class='ocrx_word' id='word_1_197' title='bbox 1161 3647 1304 3724; x_wconf 84' lang='lat' dir='ltr'>generis</span> 
     </span>
    </p>
   </div>
   <div class='ocr_carea' id='block_1_14' title="bbox 174 3814 1304 4182">
    <p class='ocr_par' dir='ltr' id='par_1_15' title="bbox 174 3814 1304 3916">
     <span class='ocr_line' id='line_1_33' title="bbox 283 3814 1304 3865; baseline 0.004 -13"><span class='ocrx_word' id='word_1_198' title='bbox 283 3817 304 3861; x_wconf 83' lang='lat' dir='ltr'>e)</span> <span class='ocrx_word' id='word_1_199' title='bbox 317 3815 401 3863; x_wconf 72' lang='lat' dir='ltr'>reliqua</span> <span class='ocrx_word' id='word_1_200' title='bbox 416 3814 516 3851; x_wconf 71' lang='lat' dir='ltr'>rubricae</span> <span class='ocrx_word' id='word_1_201' title='bbox 526 3825 583 3861; x_wconf 80' lang='lat' dir='ltr'>pars</span> <span class='ocrx_word' id='word_1_202' title='bbox 597 3814 653 3851; x_wconf 74' lang='lat' dir='ltr'>dees!</span> <span class='ocrx_word' id='word_1_203' title='bbox 668 3815 687 3850; x_wconf 76' lang='lat' dir='ltr'><em>R</em></span> <span class='ocrx_word' id='word_1_204' title='bbox 697 3814 715 3855; x_wconf 80' lang='grc'>2,</span> <span class='ocrx_word' id='word_1_205' title='bbox 770 3815 788 3861; x_wconf 82' lang='lat' dir='ltr'>f)</span> <span class='ocrx_word' id='word_1_206' title='bbox 802 3815 833 3852; x_wconf 75' lang='lat' dir='ltr'>itu</span> <span class='ocrx_word' id='word_1_207' title='bbox 844 3816 896 3865; x_wconf 79' lang='lat' dir='ltr'>R1;</span> <span class='ocrx_word' id='word_1_208' title='bbox 912 3816 1018 3855; x_wconf 85' lang='lat' dir='ltr'>tricennii</span> <span class='ocrx_word' id='word_1_209' title='bbox 1032 3817 1052 3854; x_wconf 83' lang='lat' dir='ltr'><em>B</em></span> <span class='ocrx_word' id='word_1_210' title='bbox 1061 3815 1081 3862; x_wconf 81' lang='lat'>2,</span> <span class='ocrx_word' id='word_1_211' title='bbox 1097 3814 1134 3852; x_wconf 82' lang='lat' dir='ltr'>ubi</span> <span class='ocrx_word' id='word_1_212' title='bbox 1148 3815 1220 3858; x_wconf 72' lang='lat' dir='ltr'>conci</span> <span class='ocrx_word' id='word_1_213' title='bbox 1235 3818 1304 3861; x_wconf 76' lang='lat' dir='ltr'>decet,</span> 
     </span>
     <span class='ocr_line' id='line_1_34' title="bbox 174 3868 369 3916; baseline 0.01 -10"><span class='ocrx_word' id='word_1_214' title='bbox 174 3874 197 3916; x_wconf 81' lang='lat' dir='ltr'>g)</span> <span class='ocrx_word' id='word_1_215' title='bbox 212 3873 306 3915; x_wconf 84' lang='lat' dir='ltr'>excepto</span> <span class='ocrx_word' id='word_1_216' title='bbox 320 3868 369 3908; x_wconf 65' lang='lat'>122.</span> 
     </span>
    </p>

    <p class='ocr_par' dir='ltr' id='par_1_16' title="bbox 282 3919 495 3967">
     <span class='ocr_line' id='line_1_35' title="bbox 282 3919 495 3967; baseline 0.005 -9"><span class='ocrx_word' id='word_1_217' title='bbox 282 3922 299 3961; x_wconf 88' lang='grc' dir='ltr'>Ι.</span> <span class='ocrx_word' id='word_1_218' title='bbox 340 3930 362 3967; x_wconf 73' lang='lat' dir='ltr'>a)</span> <span class='ocrx_word' id='word_1_219' title='bbox 376 3922 433 3957; x_wconf 71' lang='lat' dir='ltr'>deest</span> <span class='ocrx_word' id='word_1_220' title='bbox 447 3919 495 3960; x_wconf 68' lang='lat'>122.</span> 
     </span>
    </p>

    <p class='ocr_par' dir='ltr' id='par_1_17' title="bbox 283 3973 718 4020">
     <span class='ocr_line' id='line_1_36' title="bbox 283 3973 718 4020; baseline 0 -8"><span class='ocrx_word' id='word_1_221' title='bbox 283 3975 311 4014; x_wconf 92' lang='lat'>11.</span> <span class='ocrx_word' id='word_1_222' title='bbox 352 3974 507 4020; x_wconf 55' lang='lat' dir='ltr'>Quocum.</span> <span class='ocrx_word' id='word_1_223' title='bbox 562 3973 718 4020; x_wconf 81' lang='lat' dir='ltr'>b)infraR1.</span> 
     </span>
    </p>

    <p class='ocr_par' dir='ltr' id='par_1_18' title="bbox 175 4025 1302 4182">
     <span class='ocr_line' id='line_1_37' title="bbox 282 4025 1302 4076; baseline 0.005 -11"><span class='ocrx_word' id='word_1_224' title='bbox 282 4028 323 4068; x_wconf 87' lang='lat'>111.</span> <span class='ocrx_word' id='word_1_225' title='bbox 364 4036 386 4073; x_wconf 71' lang='lat' dir='ltr'>a)</span> <span class='ocrx_word' id='word_1_226' title='bbox 400 4028 456 4064; x_wconf 75' lang='lat' dir='ltr'>dces!</span> <span class='ocrx_word' id='word_1_227' title='bbox 471 4027 518 4067; x_wconf 68' lang='lat' dir='ltr'>nr.</span> <span class='ocrx_word' id='word_1_228' title='bbox 594 4027 616 4073; x_wconf 91' lang='lat' dir='ltr'>b)</span> <span class='ocrx_word' id='word_1_229' title='bbox 631 4037 709 4064; x_wconf 79' lang='lat' dir='ltr'>causas</span> <span class='ocrx_word' id='word_1_230' title='bbox 725 4026 840 4065; x_wconf 66' lang='lat' dir='ltr'>tricennio</span> <span class='ocrx_word' id='word_1_231' title='bbox 855 4025 1004 4067; x_wconf 79' lang='lat' dir='ltr'>concludatur</span> <span class='ocrx_word' id='word_1_232' title='bbox 1017 4029 1066 4070; x_wconf 70' lang='grc' dir='ltr'>ΒΞ,</span> <span class='ocrx_word' id='word_1_233' title='bbox 1136 4031 1157 4076; x_wconf 89' lang='lat' dir='ltr'>c)</span> <span class='ocrx_word' id='word_1_234' title='bbox 1171 4029 1233 4069; x_wconf 78' lang='lat' dir='ltr'>intra</span> <span class='ocrx_word' id='word_1_235' title='bbox 1248 4031 1302 4075; x_wconf 62' lang='lat'>1³2,</span> 
     </span>
     <span class='ocr_line' id='line_1_38' title="bbox 175 4079 318 4121; baseline 0.007 -1"><span class='ocrx_word' id='word_1_236' title='bbox 175 4079 189 4120; x_wconf 86' lang='lat' dir='ltr'><strong>d</strong></span> <span class='ocrx_word' id='word_1_237' title='bbox 212 4082 255 4120; x_wconf 82' lang='lat' dir='ltr'>iste</span> <span class='ocrx_word' id='word_1_238' title='bbox 269 4081 318 4121; x_wconf 71' lang='lat' dir='ltr'>na.</span> 
     </span>
     <span class='ocr_line' id='line_1_39' title="bbox 191 4082 1302 4182; baseline 0.005 -11"><span class='ocrx_word' id='word_1_239' title='bbox 191 4082 199 4132; x_wconf 71' lang='grc'>)</span> <span class='ocrx_word' id='word_1_240' title='bbox 282 4135 335 4175; x_wconf 83' lang='grc' dir='ltr'>ΙΙΙΙ,</span> <span class='ocrx_word' id='word_1_241' title='bbox 376 4133 570 4181; x_wconf 65' lang='lat' dir='ltr'>alexeeptorr.</span> <span class='ocrx_word' id='word_1_242' title='bbox 624 4132 647 4178; x_wconf 89' lang='lat' dir='ltr'>b)</span> <span class='ocrx_word' id='word_1_243' title='bbox 662 4132 796 4172; x_wconf 77' lang='lat' dir='ltr'>ratioRl.</span> <span class='ocrx_word' id='word_1_244' title='bbox 851 4135 1085 4180; x_wconf 68' lang='lat' dir='ltr'>clevanescerth.</span> <span class='ocrx_word' id='word_1_245' title='bbox 1140 4132 1163 4182; x_wconf 88' lang='lat' dir='ltr'>d)</span> <span class='ocrx_word' id='word_1_246' title='bbox 1177 4136 1236 4174; x_wconf 72' lang='lat' dir='ltr'>decet</span> <span class='ocrx_word' id='word_1_247' title='bbox 1250 4137 1302 4182; x_wconf 69' lang='lat'>1³1.</span> 
     </span>
    </p>
   </div>
   <div class='ocr_carea' id='block_1_15' title="bbox 173 4256 1300 4394">
    <p class='ocr_par' dir='ltr' id='par_1_19' title="bbox 173 4256 1300 4394">
     <span class='ocr_line' id='line_1_40' title="bbox 175 4256 1300 4325; baseline -0.001 -15"><span class='ocrx_word' id='word_1_248' title='bbox 175 4262 204 4325; x_wconf 79' lang='lat' dir='ltr'>l)</span> <span class='ocrx_word' id='word_1_249' title='bbox 225 4260 266 4322; x_wconf 80' lang='lat' dir='ltr'>Cf.</span> <span class='ocrx_word' id='word_1_250' title='bbox 290 4275 347 4309; x_wconf 82' lang='lat' dir='ltr'>eum</span> <span class='ocrx_word' id='word_1_251' title='bbox 368 4259 417 4308; x_wconf 80' lang='lat' dir='ltr'>huc</span> <span class='ocrx_word' id='word_1_252' title='bbox 437 4259 489 4322; x_wconf 71' lang='lat' dir='ltr'>Iope</span> <span class='ocrx_word' id='word_1_253' title='bbox 507 4264 531 4308; x_wconf 71' lang='lat' dir='ltr'>et</span> <span class='ocrx_word' id='word_1_254' title='bbox 549 4256 713 4322; x_wconf 79' lang='lat' dir='ltr'>sequentibus</span> <span class='ocrx_word' id='word_1_255' title='bbox 732 4257 762 4307; x_wconf 84' lang='lat' dir='ltr'>L.</span> <span class='ocrx_word' id='word_1_256' title='bbox 783 4257 857 4310; x_wconf 84' lang='lat' dir='ltr'>Rom.</span> <span class='ocrx_word' id='word_1_257' title='bbox 877 4258 931 4312; x_wconf 69' lang='lat' dir='ltr'>Vis.</span> <span class='ocrx_word' id='word_1_258' title='bbox 952 4258 1015 4311; x_wconf 75' lang='lat' dir='ltr'>Nor.</span> <span class='ocrx_word' id='word_1_259' title='bbox 1036 4259 1095 4313; x_wconf 72' lang='lat' dir='ltr'>Vol.</span> <span class='ocrx_word' id='word_1_260' title='bbox 1114 4258 1170 4313; x_wconf 91' lang='lat' dir='ltr'>III.</span> <span class='ocrx_word' id='word_1_261' title='bbox 1196 4262 1222 4314; x_wconf 90' lang='lat'>8.</span> <span class='ocrx_word' id='word_1_262' title='bbox 1245 4263 1300 4324; x_wconf 82' lang='lat'>12,·</span> 
     </span>
     <span class='ocr_line' id='line_1_41' title="bbox 173 4329 692 4394; baseline 0 -13"><span class='ocrx_word' id='word_1_263' title='bbox 173 4331 206 4384; x_wconf 88' lang='lat' dir='ltr'>L.</span> <span class='ocrx_word' id='word_1_264' title='bbox 226 4331 311 4394; x_wconf 70' lang='lat' dir='ltr'>Bury.</span> <span class='ocrx_word' id='word_1_265' title='bbox 327 4332 378 4389; x_wconf 80' lang='grc' dir='ltr'>ῖ9,·</span> <span class='ocrx_word' id='word_1_266' title='bbox 397 4329 428 4381; x_wconf 82' lang='lat' dir='ltr'>L.</span> <span class='ocrx_word' id='word_1_267' title='bbox 448 4330 524 4380; x_wconf 83' lang='lat' dir='ltr'>Rom.</span> <span class='ocrx_word' id='word_1_268' title='bbox 545 4329 629 4393; x_wconf 64' lang='lat' dir='ltr'>Bury.</span> <span class='ocrx_word' id='word_1_269' title='bbox 649 4330 692 4381; x_wconf 85' lang='lat'>31.</span> 
     </span>
    </p>
   </div>
   <div class='ocr_carea' id='block_1_16' title="bbox 0 0 1504 4934">
    <p class='ocr_par' dir='ltr' id='par_1_20' title="bbox 0 0 1504 4934">
     <span class='ocr_line' id='line_1_42' title="bbox 0 0 1504 4934; baseline 0 3"><span class='ocrx_word' id='word_1_270' title='bbox 0 0 1504 4934; x_wconf 95' lang='lat' dir='ltr'> </span> 
     </span>
    </p>
   </div>
  </div>
 </body>
</html>
