3000 4934
391 356 470 411 LEX
488 356 603 414 VISIG.
622 356 893 415 Ruccnssvmn.
930 358 969 428 H,
988 362 1013 429 ὃ,
1027 362 1104 416 7-9.
1274 363 1308 417 81

189 538 428 623 adprobamus,
459 542 499 602 ut
526 539 628 603 unius
657 559 760 604 eausa
785 540 894 605 debiti
917 560 1032 605 rerum
1054 533 1133 605 fiati
1156 542 1309 605 omnium

188 627 337 711 perditio
367 625 422 691 vel
452 646 605 711 persone.
658 626 905 711 Quodcumque
934 629 1042 712 igitur
1073 632 1194 693 eontra
1222 629 1309 713 legis

188 716 290 780 huius
329 716 506 780 decretum
544 716 776 800 conscriptum
813 716 981 800 placitum
1016 718 1087 782 sire
1121 711 1306 782 definitio¹¹

187 804 283 868 fucta
311 803 432 880 fuerit,
468 803 676 886 ubicumque
705 808 866 888 repperta
894 805 1032 884 fuerit,
1048 825 1158 870 vaona
1186 805 1308 869 omnis-

187 893 297 956 modis
321 895 356 956 et
379 891 534 956 invalida
555 895 745 976 reputetur.
786 925 789 930 ·

596 1043 679 1101 vm.
710 1044 893 1116 numum.

190 1155 309 1235 Quod
337 1156 474 1221 omnis
503 1157 726 1241 scriptura
752 1157 821 1222 vel
849 1157 1079 1236 definitio,
1108 1162 1209 1241 quea
1236 1177 1309 1242 per

188 1245 271 1309 vim
316 1248 358 1310 et
403 1249 562 1310 metum
608 1245 985 1418 expppppstfuerit,
1032 1246 1179 1311 valere
1225 1266 1309 1309 non

295 1432 503 1516 Postumi-¹,
529 1433 646 1522 quodb
666 1459 729 1524 per
742 1441 813 1504 vim
829 1440 1010 1505 extorserit
1028 1460 1174 1524 persona
1192 1442 1308 1524 poten·

189 1526 257 1590 tior
280 1526 335 1591 rel
357 1527 509 1605 inferior,
541 1527 612 1592 sive
639 1528 769 1613 plaoita
791 1528 848 1594 vel
870 1528 1020 1612 reliquos
1044 1529 1240 1613 scripturas,
1271 1527 1308 1591 id

190 1618 251 1691 est,
283 1615 312 1680 si
334 1614 405 1693 ille,
436 1616 495 1698 qui
518 1617 713 1700 paciscitur,
738 1620 798 1681 out
821 1618 859 1681 in
882 1617 1040 1681 custodis
1061 1616 1222 1693 mittitur,
1247 1619 1308 1679 out

189 1702 252 1767 sub
276 1703 392 1787 gladio
415 1707 581 1769 mortem⁰
609 1704 701 1770 forte
723 1706 890 1784 timuerit,
914 1709 976 1770 aut
998 1700 1065 1770 ne‘1
1083 1725 1189 1790 penas
1212 1724 1308 1787 quus-

190 1811 333 1875 cumque
363 1792 442 1857 vel⁰
474 1793 665 1876 ignominia
693 1795 857 1878 patiatur,
888 1793 944 1858 vel
975 1797 1067 1859 certe
1098 1794 1126 1858 si
1157 1792 1308 1875 aliquam

188 1881 349 1945 iniuriam
374 1901 493 1965 possus
516 1881 634 1958 fuerit,
665 1883 863 1946 huiusmodi
893 1874 1030 1966 partios
1056 1881 1112 1946 vel
1139 1881 1309 1965 scriptura

188 1970 341 2052 quelibet
364 1968 499 2033 nullam
522 1969 651 2034 habeat
674 1970 884 2034 firmitatem.

263 2119 363 2178 VIIII.
393 2119 563 2176 FLAVIUS
582 2119 796 2176 GLORIOSUS
814 2120 1126 2178 REOGESSVINDUS
1144 2120 1233 2178 REX.

234 2231 323 2310 Que
352 2232 575 2316 scripture
597 2231 748 2296 volere
778 2235 1029 2316 poterunt²,
1061 2233 1096 2298 si
1124 2232 1265 2298 abhis

188 2319 309 2384 iuote
339 2318 529 2397 fuerint,
565 2313 664 2403 quib
699 2324 800 2384 sunt
834 2320 878 2384 in
909 2322 1036 2387 annis
1066 2321 1309 2386 minoribus

621 2410 873 2474 constituti.

296 2514 340 2577 In
369 2513 558 2579 minoribus
589 2515 688 2580 annis
719 2516 917 2581 constitutis
947 2517 1101 2581 testandi
1134 2517 1176 2581 de
1206 2515 1308 2581 rebus

188 2603 258 2667 suis
280 2602 337 2668 vel
360 2602 446 2668 alias
469 2623 701 2688 quoscumque
730 2605 948 2670 definitiones
978 2604 1131 2670 faciendi
1160 2624 1221 2669 seu
1248 2624 1309 2688 per

188 2691 392 2776 scripturum
422 2691 492 2758 sive
523 2712 584 2777 per
612 2692 776 2758 idoneum
804 2696 942 2770 testem,
973 2693 1010 2756 in
1038 2692 1308 2775 quibuscumque

188 2780 339 2863 personis
370 2779 548 2864 elegerint,
580 2781 673 2846 insta
701 2785 863 2864 quartum
887 2781 1059 2847 decimum
1082 2801 1211 2846 annum
1238 2801 1309 2846 non

187 2867 257 2931 illis
281 2867 382 2932 aliter
404 2869 547 2933 lieentia
569 2870 645 2946 erit,
669 2870 737 2933 nisi
760 2870 873 2952 gravis
889 2869 1012 2953 langor
1027 2870 1223 2946 occurrerit,
1248 2889 1309 2954 per

188 2957 279 3040 quod
302 2976 359 3022 eos
382 2957 529 3021 fortasse
552 2958 640 3020 mori
663 2958 811 3041 suspicio
835 2959 890 3021 sit.
939 2956 1040 3036 Quod
1063 2958 1091 3022 si
1114 2977 1171 3022 eos
1194 2976 1306 3021 neoes-

188 3045 270 3109 sitas
294 3046 397 3108 huius
418 3065 520 3109 ouuse
537 3045 774 3128 conpresserit,
798 3046 973 3129 utrisque⁰
994 3040 1036 3109 ad
1056 3045 1188 3110 decimo
1204 3046 1307 3110 etatis

187 3133 359 3218 ipsorume
388 3152 478 3195 anno
509 3131 663 3196 faciendi
690 3132 782 3213 quod
804 3132 978 3197 voluerint
1008 3132 1150 3197 libertas
1180 3127 1304 3216 plenaf

187 3220 374 3285 monebiti.
418 3218 520 3298 Quod
543 3219 571 3282 si
595 3218 639 3283 ab
657 3219 852 3301 egritudine
869 3219 1105 3285 convalescere
1121 3221 1307 3303 potuerint,

187 3308 355 3392 quidquid
372 3327 429 3371 eos
445 3306 646 3371 hordinasse
663 3306 867 3385 constiterit,
890 3310 1006 3371 totum
1024 3307 1216 3371 invalidum
1232 3309 1306 3385 erit,

188 3399 297 3462 donee
332 3399 394 3459 aut
422 3414 540 3458 rursus
571 3398 768 3478 egrotantes
803 3395 930 3460 iterum
965 3415 1030 3478 que
1065 3396 1309 3461 ordinaverant

188 3505 277 3550 novo
300 3484 517 3548 ordinatione
539 3483 739 3562 reforment,
764 3487 826 3548 aut
841 3485 1020 3550 venientes
1043 3504 1150 3567 usque
1174 3484 1219 3548 ad
1241 3484 1308 3569 ple·

187 3567 293 3637 numf
319 3575 482 3656 quartum
514 3573 685 3637 decimum
715 3593 845 3638 annum
874 3574 912 3638 in
941 3573 1101 3639 omnibus
1130 3573 1309 3639 iudicandi

189 3661 356 3726 derebus
379 3661 449 3726 suis
473 3659 618 3727 liberum
645 3661 799 3728 habeant
827 3662 1090 3746 absolutumque
1120 3662 1307 3728 licentiam.

188 3750 242 3813 Ab
266 3749 418 3814 infantis
439 3768 520 3815 vero
542 3749 599 3815 vel
621 3751 659 3814 in
681 3751 836 3834 qualibet
859 3754 953 3817 etate
983 3752 1161 3816 dementes
1191 3750 1308 3816 effecti

188 3841 224 3901 et
253 3838 290 3902 in'
320 3858 360 3903 eo
387 3830 494 3903 vitiof
520 3832 669 3922 ubsqueb
703 3840 956 3905 intermissione
985 3840 1150 3924 temporis
1180 3858 1307 3924 perma-

295 3992 312 4041 ί)
325 3992 395 4033 furiet
408 3992 455 4035 131.
509 3991 534 4041 k)
548 3991 702 4033 definitionem
716 3994 763 4036 Rl.

295 4045 358 4089 vm.
404 4048 427 4095 ι)
445 4043 506 4096 quod
524 4047 570 4089 121.
651 4045 675 4097 b>
692 4046 741 4094 Quo
755 4057 801 4096 pro
819 4047 914 4087 Paetum
932 4044 992 4096 quod
1010 4047 1057 4089 Bl.
1138 4049 1159 4096 o)
1176 4050 1246 4086 morte
1260 4045 1307 4090 Rl.

188 4096 211 4146 d)
225 4109 268 4138 neo
281 4099 328 4141 Bi.
382 4101 404 4148 e)
417 4103 457 4139 tut
471 4099 518 4141 ΕΙ,
571 4098 713 4148 ορῐιοίιο
727 4100 775 4142 Rl.

295 4152 368 4194 VIIIL
409 4155 432 4200 ι)
446 4152 479 4190 ita
492 4151 514 4191 E
519 4153 542 4202 1,
556 4155 680 4201 potueruut
694 4153 744 4203 1215
760 4153 861 4202 poterint
873 4163 930 4195 corr.
944 4156 1052 4202 potorum
1065 4152 1086 4191 B
1095 4151 1114 4196 2.
1168 4152 1191 4201 b)
1206 4162 1249 4200 quo
1260 4151 1307 4194 ΕΙ.

188 4205 404 4255 nunnunquam,
458 4202 482 4253 d)
496 4201 651 4244 adducturum
665 4206 712 4247 121.
766 4207 787 4254 e)
801 4205 901 4256 ipserum
915 4206 962 4248 ΕΙ.
1016 4205 1165 4253 odomssl.

189 4313 213 4378 1)
232 4312 274 4377 Cf.
295 4312 356 4368 Ood.
375 4312 445 4365 Eur.
464 4326 485 4364 c.
498 4311 559 4366 286.
631 4310 660 4378 2)
678 4310 720 4376 Cf.
738 4311 817 4376 infra
835 4312 886 4378 IV,
905 4313 931 4378 8,
951 4313 977 4367 4.

268 4416 392 4465 mnu.
406 4420 452 4458 snt.
1077 4418 1094 4472 6
