3000 4934
186 342 238 397 126
363 336 441 393 Lux
459 334 575 392 VISIG.
593 334 863 392 aneonssvnin.
899 335 970 404 1111,
989 339 1015 404 2,
1033 339 1130 394 7-10.

589 511 657 569 vn.
687 511 897 581 nunquia.

186 627 230 691 Si
258 627 341 703 his,
373 627 446 710 qui
475 625 674 701 moritur,
707 643 877 689 sorores
908 624 1136 708 relinquat
1166 628 1311 710 patris

613 715 687 776 aut
715 713 878 776 matris.

32 834 58 853 =
109 828 175 912 ἦν·
292 821 360 901 Qui
389 821 535 884 moritur
565 820 594 882 si
619 819 826 882 tantumodo
850 819 1002 896 amitam,
1033 820 1099 884 hoc
1123 823 1176 884 cst
1200 821 1310 904 patris
1335 843 1357 880 v.

185 931 344 987 sororem,
370 911 405 973 et
427 901 683 984 materteramb,
715 907 781 971 hoc
805 910 857 970 est
880 908 1000 971 matris
1024 928 1184 985 sororem,
1209 909 1309 974 relin-

184 999 277 1081 quid,
303 996 417 1080 equali
440 997 514 1060 iure
538 996 725 1060 succedant
747 996 784 1058 in
808 995 1002 1061 hereditate
1027 997 1196 1061 defuncti.
1282 992 1284 999 ’

584 1183 666 1238 rur.
697 1182 905 1253 Animula.

186 1297 229 1361 si
251 1298 335 1375 his,
367 1298 439 1381 qui
466 1296 666 1372 moritur,
697 1296 825 1359 filios
855 1296 1015 1358 fratris
1042 1296 1112 1360 vel
1142 1299 1310 1361 sororis

495 1386 749 1467 relinquere
776 1384 993 1448 videatur.

292 1491 360 1571 Qui
394 1493 539 1556 moritur
574 1491 603 1554 si
636 1491 762 1554 fratres
793 1492 828 1554 et
859 1509 990 1554 sorores
1024 1511 1095 1554 non
1128 1491 1310 1574 reliquerit

185 1585 220 1644 et
243 1580 332 1644 filios
354 1573 523 1643 fratrumb
544 1579 599 1643 vel
615 1599 768 1642 sororum
785 1578 973 1662 reliquerit,
998 1579 1028 1641 si
1051 1599 1092 1643 ex
1107 1600 1177 1642 uno
1197 1580 1310 1644 fratre

185 1669 230 1731 sit
268 1688 358 1731 unus
396 1667 487 1733 filius
523 1669 558 1731 et
593 1688 634 1731 ex
669 1667 737 1731 alio
777 1667 886 1730 fratre
920 1666 976 1730 vel
1011 1686 1125 1732 sorore
1159 1668 1311 1731 forsitan

184 1757 311 1840 plures,
328 1776 464 1820 omnem
483 1756 713 1820 hereditatem
731 1755 888 1819 defuncti
906 1756 1101 1840 percipiant
1116 1759 1152 1820 et
1168 1756 1304 1839 equali⁰

184 1866 246 1928 per
270 1845 384 1928 capita
408 1845 564 1908 dividant
587 1844 792 1927 portionem.

370 2033 468 2089 VIHI.
498 2031 668 2087 FLAVIUS
687 2031 1002 2088 OHINDASVINDUS
1020 2031 1108 2089 REX

207 2146 327 2225 Quod
357 2146 400 2208 in
431 2165 593 2209 omnem
622 2145 920 2296 hqrebditptem
947 2145 1112 2208 femina
1139 2146 1286 2230 accipi

690 2254 708 2297 e
747 2254 826 2297 ea.

291 2341 434 2404 Femina
457 2341 501 2403 ad
523 2340 754 2404 hereditatem
770 2340 879 2423 patris
903 2342 964 2404 aut
983 2340 1113 2417 matris,
1138 2345 1304 2404 avoruma

183 2429 239 2493 vel
267 2429 430 2506 aviarum,
458 2430 531 2490 tam
554 2431 776 2511 paternorum
800 2448 904 2511 quam
926 2431 1169 2506 maternarum,
1202 2431 1238 2493 et
1262 2430 1307 2493 ad

184 2518 414 2582 hereditatem
435 2517 584 2579 fratrum
599 2516 655 2580 vel
671 2536 826 2580 sororum
849 2517 919 2581 sive
943 2518 988 2581 ad
1004 2517 1066 2581 has
1082 2517 1307 2596 hereditates,

183 2626 249 2689 que
280 2627 300 2668 a
329 2609 453 2689 patruo
480 2605 536 2669 vel
563 2598 656 2668 filiob
684 2606 813 2689 patrui,
844 2606 964 2669 fratris
994 2606 1099 2670 etiam
1129 2606 1221 2671 fili0⁰
1249 2606 1306 2670 vel

184 2694 308 2758 sororis
341 2694 590 2777 relinquantur,
631 2693 800 2777 equaliter
838 2715 916 2757 cum
950 2694 1118 2757 fratribus
1150 2695 1305 2759 veniant.

182 2782 274 2846 Nam
301 2783 431 2846 iustum
458 2783 597 2847 omnino
626 2787 687 2860 est,
718 2784 769 2859 ut,
800 2802 885 2865 quos
913 2783 1153 2867 propinquitas
1179 2786 1307 2848 nature

183 2871 366 2948 consociat,
390 2871 598 2936 hereditarie
622 2871 845 2935 successionis
869 2872 953 2936 ordo
975 2892 1046 2935 non
1069 2871 1212 2936 dividat.

601 3058 637 3117 x.
666 3058 876 3129 Animula.

182 3172 307 3251 Item,
332 3177 379 3237 ut
402 3174 446 3237 in
467 3193 630 3238 omnem
653 3172 951 3236 hereditatem
973 3170 1137 3235 femina
1160 3171 1307 3256 accipi

183 3262 354 3340 debeat;
377 3256 444 3327 etb
464 3262 589 3345 quod,
612 3261 686 3344 qui
705 3262 861 3345 gradu⁰
883 3260 1071 3324 alterum
1092 3260 1303 3344 precedit,

319 3351 400 3416 ille
431 3351 753 3415 successionem
781 3348 973 3413 vicinior
1004 3349 1162 3432 capiat.

289 3457 363 3521 Has
393 3457 619 3533 hereditates,
651 3476 716 3540 que
747 3476 768 3519 a
797 3458 953 3519 materno
985 3475 1109 3538 genere
1139 3453 1307 3518 venienti·

182 3545 255 3622 bus,
280 3545 350 3610 sive
367 3544 546 3610 avunculis
570 3545 640 3608 sive
660 3545 874 3608 consubrinis
898 3565 959 3608 seu
974 3542 1178 3620 materteris,
1202 3541 1306 3606 relin-

182 3636 317 3710 cuntur,
349 3634 454 3698 etiam
484 3627 634 3696 femine(l
661 3653 739 3696 cum
762 3632 842 3709 illis,
873 3632 933 3715 qui
955 3633 992 3695 in
1015 3653 1085 3697 uno
1108 3631 1306 3715 propinqui·

181 3722 265 3784 tatis
299 3722 410 3805 gradu
444 3720 582 3804 equales
617 3723 712 3797 sunt,
748 3720 918 3804 equaliter
951 3720 1157 3805 partiantur.
1212 3718 1304 3783 Nam

142 3889 147 3899 .
182 3830 317 3874 omnem
348 3810 578 3874 hereditatem
608 3809 668 3892 qui
697 3809 827 3893 gradu⁰
861 3809 1010 3873 alterum
1040 3808 1214 3893 precedit⁰
1247 3808 1307 3872 ob·

180 3899 327 3962 linear.

289 4107 340 4149 VII.
380 4109 403 4155 a)
416 4108 472 4146 decet
486 4108 532 4150 ΒΞ.
587 4107 610 4158 b)
624 4111 746 4147 matertera
760 4107 806 4150 131.

288 4161 351 4202 VIII.
379 4159 793 4209 s)Flavlus0hindssvlnthus
808 4170 857 4200 rex
872 4160 919 4201 122.
961 4158 1129 4207 mli-utrium.
1171 4156 1307 4206 emelim.

288 4214 364 4257 VIIII.
404 4216 426 4262 a)
441 4215 543 4255 sviorum
556 4215 603 4257 Rl.
657 4215 680 4263 b)
694 4211 724 4255 sd
738 4213 784 4253 fllio
798 4214 843 4255 132.
899 4216 919 4261 c)
934 4211 980 4251 fillo
994 4224 1050 4255 corr.
1064 4210 1105 4251 11111
1119 4213 1166 4255 Rl.

288 4267 315 4310 X.
355 4268 527 4315 aduam„
562 4268 585 4316 b)
599 4278 626 4309 eo
640 4268 686 4312 121.
738 4264 923 4318 egradumnr.
978 4264 1002 4317 d)
1016 4266 1105 4306 feminis
1115 4266 1162 4308 131.
1217 4267 1307 4313 e)pre·

181 4317 266 4362 cedunt
279 4320 397 4360 obtineant
410 4322 456 4366 121.
712 4356 715 4363 Α
954 4354 959 4364 ,
