3000 4934
232 381 285 435 148
391 375 470 430 LEX
487 375 604 431 VISIG.
623 373 893 432 REOOESSVIND.
929 374 966 443 V,
984 378 1010 441 2,
1030 377 1054 430 6.
1069 377 1099 442 7;
1122 378 1186 440 3,1.

232 559 307 623 iure
336 558 519 642 possideat,
552 560 586 622 et
615 558 667 620 ita
695 560 774 641 post
805 556 878 621 eius
908 560 1055 622 mortem
1083 557 1128 621 ad
1155 555 1265 633 illum,
1298 559 1357 621 cui

234 647 427 724 donaverit,
462 666 516 710 res
552 647 680 710 donata
713 645 901 728 pertineat,
937 639 1044 727 quial
1077 644 1268 709 similitudo
1302 650 1356 711 est

231 735 446 813 testamenti,
490 734 634 798 habebit
674 732 851 798 licentiam
892 733 1090 797 inmutandi
1126 732 1355 799 volumtatem

232 844 340 900 suam,
371 823 509 906 quando
531 822 690 899 voluerit,
722 822 827 887 etiam
857 822 886 886 si
915 822 953 884 in
980 821 1078 886 nullo
1108 821 1220 887 lesum
1246 822 1353 887 fuisse

233 933 268 976 se
293 912 428 976 dixerit.
475 911 543 976 Ille
565 930 656 987 vero,
685 911 744 993 qui
771 910 862 974 falsa
890 910 1076 975 donatione
1100 910 1355 975 circumventus

234 999 365 1084 aliquid
394 1001 431 1062 in
458 998 649 1063 utilitatem
679 999 857 1062 donatoris
887 992 1084 1082 expendit¹,
1116 1001 1178 1062 aut
1208 998 1251 1063 ab
1279 1000 1353 1083 ipso

234 1089 401 1152 donatore
434 1088 594 1172 recipiat,
630 1090 692 1151 aut
726 1087 770 1152 ab
805 1087 879 1152 eius
912 1086 1111 1165 heredibus,
1147 1107 1192 1152 ne
1225 1088 1354 1152 iniuste

234 1178 360 1240 damna
389 1176 572 1254 sustineat,
604 1176 664 1258 qui
693 1175 828 1240 lucrum
858 1195 894 1240 se
925 1175 1052 1240 habere
1083 1177 1125 1241 de
1154 1176 1251 1239 inani
1280 1196 1355 1260 pro-

234 1265 393 1330 missione
416 1264 575 1349 putabat.

633 1398 702 1456 vu.
731 1397 945 1468 auricula.

234 1512 294 1576 De
328 1512 457 1577 rebus
491 1512 610 1576 inter
644 1512 848 1575 maritum
882 1515 925 1576 et
959 1531 1133 1576 uxorem
1166 1511 1355 1576 invicem

729 1600 857 1663 datis.

340 1706 489 1770 Maritus
524 1706 552 1769 si
581 1706 681 1769 uxori
715 1725 775 1770 sue
808 1705 940 1788 aliquid
974 1706 1168 1783 donaverit,
1205 1707 1248 1771 de
1278 1707 1354 1782 hoc,

234 1795 327 1878 quod
348 1787 444 1878 ipsab
472 1794 563 1857 sibi⁸
590 1793 717 1859 habere
739 1793 899 1871 voluerit,
928 1795 1099 1877 scriptura
1125 1815 1247 1858 manus
1270 1799 1350 1860 sue⁰

235 1884 462 1967 suscriptione
491 1882 548 1948 vel
578 1882 676 1966 signo
707 1882 899 1959 confimat,
934 1883 986 1947 ita
1014 1886 1056 1946 ut
1086 1883 1154 1947 duo
1189 1887 1251 1947 aut
1284 1887 1358 1948 tres

233 1976 340 2037 testes
362 1971 507 2056 ingenui
529 1971 754 2054 suscriptores
775 1970 832 2036 vel
855 1971 954 2055 signa
975 1971 1144 2036 facientes
1172 1973 1354 2047 accedant;

234 2064 270 2126 et
293 2062 342 2125 sic
364 2061 537 2125 volumtas
559 2060 667 2144 ipsius
691 2060 819 2124 habeat
842 2059 1053 2124 firmitatem.
1089 2059 1229 2124 Similis
1254 2064 1289 2124 et
1313 2061 1358 2124 de

233 2151 349 2214 uxoria
371 2149 573 2227 volumtate,
600 2168 667 2231 que
689 2149 727 2211 in
750 2148 912 2211 maritum
936 2148 1093 2214 conferre
1115 2148 1274 2224 voluerit,
1300 2150 1357 2213 do·

234 2239 385 2302 nationis
412 2238 476 2301 hec
504 2237 617 2301 forma
644 2239 808 2314 servetur,
840 2237 869 2301 si
895 2240 1013 2302 tamen
1036 2237 1206 2302 violenter
1230 2258 1251 2300 a
1273 2237 1358 2300 viris

234 2347 305 2390 non
334 2326 441 2390 fuerit
471 2329 592 2390 exacta
622 2325 780 2402 donatio;
816 2328 952 2389 servata
981 2326 1098 2408 legum
1129 2326 1167 2388 in
1196 2325 1356 2390 omnibus

236 2414 426 2491 sanctione,
466 2433 532 2495 que
571 2414 608 2476 in
643 2413 867 2478 decernendis
903 2413 1131 2479 facultatibus
1165 2413 1359 2478 dinoscitur

236 2502 396 2566 ordinata
419 2502 614 2567 consistere.

237 2747 533 2812 HLTITULUS:
559 2748 621 2811 DE
644 2747 966 2814 PATRONORUM
988 2749 1359 2816 DONA'I'IONIBUS.

331 2872 360 2935 Ι.
397 2872 434 2935 Si
456 2872 521 2948 his,
546 2872 605 2954 qui
628 2871 665 2934 in
681 2873 872 2997 Eatrooinio
892 2874 1102 2938 constitutus
1119 2877 1180 2952 est,
1196 2873 1252 2939 vel
1268 2873 1354 2937 11111ει

321 2993 324 2998 ·
398 2961 471 3025 eius
493 2963 679 3044 patronum
726 2963 788 3025 aut
810 2961 899 3026 filios
922 2964 1060 3045 patroni
1082 2963 1290 3052 relinquant.

312 3049 362 3112 ΙΙ.
397 3049 451 3113 De
482 3046 594 3127 armis,
626 3069 692 3133 que
721 3050 848 3114 dantur
876 3051 1050 3115 saionibus
1080 3053 1136 3115 ine
1164 3051 1361 3137 patrocinio

398 3138 606 3215 constitutis,
631 3140 667 3202 et
691 3139 732 3201 de
757 3139 1045 3222 adquisitionibus
1068 3160 1196 3205 eorum.

291 3226 362 3290 III.
397 3226 451 3291 De
473 3226 576 3330 relius
598 3227 636 3289 in
659 3227 850 3309 patrocinio
874 3228 1075 3311 conquisitis
1093 3228 1148 3293 vel
1172 3249 1193 3292 a
1211 3233 1362 3313 patrono

271 3404 362 3467 IIII.
398 3315 578 3469 eDOdflddiosus
601 3404 638 3466 in
661 3405 852 3487 patrocinio
876 3406 1027 3489 acceptis
1051 3408 1087 3470 et
1110 3405 1330 3508 conquisitis.¹

665 3556 688 3613 1.
719 3556 932 3626 auricula.

241 3669 284 3733 Si
312 3669 395 3745 his,
425 3669 499 3751 qui
524 3669 569 3731 in
596 3669 849 3751 patrocinio
879 3671 1155 3735 constitutus
1184 3674 1266 3748 est,
1289 3669 1361 3734 vel

129 3821 133 3828 ,
239 3756 335 3820 filii
366 3757 459 3821 eius
489 3760 720 3840 patronum
751 3760 826 3821 aut
857 3757 985 3822 tilios
1017 3760 1195 3842 patroni
1227 3758 1362 3823 relin-

86 3967 113 3985 =
120 3948 170 3991 Cod,
177 3948 231 3990 Eur.

144 4003 190 4045 310.

712 3838 888 3928 quanti

348 3952 385 4015 si
408 3953 484 4036 quis
508 3952 549 4027 ei,
579 3970 681 4034 quem
707 3952 745 4014 in
767 3953 959 4035 patrocinio
982 3953 1153 4032 habuerit,
1184 3975 1279 4018 arma
1307 3954 1363 4017 de·

242 4042 331 4107 derit
360 4040 416 4106 vel
446 4040 577 4124 aliquid
608 4040 800 4118 donaverit,
834 4045 920 4125 aput
951 4042 1064 4125 ipsum
1096 4062 1162 4126 que
1194 4046 1275 4106 sunt
1306 4043 1364 4106 do·

348 4197 372 4246 k)
386 4197 426 4245 qul
439 4197 486 4238 121.
539 4195 556 4243 l)
570 4195 603 4233 lta
617 4195 663 4236 121.
677 4195 730 4246 E13
753 4193 886 4244 expendldit
900 4196 948 4239 122.

349 4251 399 4292 VII.
440 4252 462 4297 a)
476 4250 532 4287 dccet
546 4249 596 4290 Ra.
650 4248 673 4297 b)
688 4249 744 4297 lace:
757 4249 836 4297 ipsam.
890 4252 911 4298 e)
925 4260 1006 4289 manue
1016 4261 1060 4298 pro
1074 4261 1104 4293 m.
1118 4261 1157 4290 sue
1172 4248 1220 4295 Bi.

348 4304 405 4346 ΤΙΤ.
420 4304 462 4346 ΙΙΙ.
503 4304 525 4349 a)
539 4301 590 4341 filiu
607 4302 654 4343 121.
707 4301 730 4350 b)
744 4306 840 4352 patrono
854 4303 901 4347 121.
956 4305 976 4351 c)
990 4304 1047 4343 deest
1061 4304 1108 4346 Bl.

349 4359 367 4400 1.
407 4359 430 4406 a)
443 4358 500 4395 deest
513 4357 534 4395 R
542 4356 562 4398 2.
616 4355 640 4403 b)
653 4354 768 4403 relinquat
781 4356 828 4399 121.
