3000 4934
243 370 299 424 312
452 363 531 418 m
548 361 665 418 rislo.
683 359 953 416 meusim.
987 358 1058 414 m
1073 365 1159 417 211.

244 570 337 621 mus}
361 550 451 612 sient
474 560 511 611 et
532 548 690 611 fecimus
736 545 805 608 Sed
826 546 909 626 quia
931 549 987 607 et‘
1008 545 1152 627 perfidia
1168 548 1292 607 nostre
1317 543 1378 606 ob

243 638 442 701 stitutionis
464 648 500 700 et
523 646 678 699 vetustas
701 633 890 718 parentalis
904 635 1029 696 erroris
1050 653 1116 695 nos
1135 633 1187 695 ita
1201 633 1376 699 detinuit.

244 732 285 790 ut
312 747 376 790 nec
404 726 574 789 veraciter
596 723 712 786 Iesum
736 722 915 785 Christum
944 722 1123 784 dominum
1149 721 1377 784 crederemus

244 835 307 880 nec
331 814 538 878 mitholieam
562 813 666 875 fidem
689 812 870 874 sinceriter
890 824 1097 873 teneremus.
1121 811 1252 872 idcirco
1273 831 1376 874 nunc

244 903 394 967 libenter
417 903 482 964 hac
504 901 634 984 placite
656 894 892 983 ispondimus‘
917 899 1027 982 glorIe
1050 902 1172 963 vestre.
1201 902 1278 961 tam
1308 921 1377 983 pro

244 992 344 1055 nobis
365 1010 470 1072 quam
492 1010 555 1072 pro
578 989 742 1051 uxoribus
764 994 801 1052 et
823 987 905 1050 filiis
928 989 1064 1051 nostris
1089 1008 1152 1071 per
1173 988 1241 1050 hoc
1264 988 1376 1070 placi·

242 1084 318 1142 tum
343 1083 510 1141 nostrum
537 1082 579 1140 nt
606 1078 770 1160 deinceps
796 1078 833 1138 in
861 1076 969 1139 nullis
993 1076 1305 1143 observationibus,
1336 1079 1377 1140 in

244 1167 350 1230 nullis
378 1166 499 1230 usibus
529 1166 683 1229 Iudaicis
711 1168 926 1230 misceamur.
978 1165 1121 1229 Iudeis‘
1155 1166 1262 1228 etiam
1299 1187 1375 1229 non

244 1255 428 1340 baptisatis
452 1255 550 1318 nullo
572 1257 713 1338 penitus
742 1255 936 1318 execrando
958 1255 1134 1316 consorcio
1157 1254 1374 1317 sociemur‘.

243 1344 324 1409 Non
338 1365 433 1409 more
449 1351 568 1407 nostro
579 1344 838 1427 propinquitate
853 1342 1032 1425 sanguinis
1046 1343 1215 1424 usquead
1230 1347 1375 1406 sext-um

243 1435 387 1517 gradum
424 1433 590 1496 incestiva
624 1433 868 1495 coniunctione
897 1431 953 1493 rel
983 1432 1214 1494 fornicatione
1248 1432 1376 1515 iunga-

244 1516 355 1584 mur‘.
401 1521 481 1584 Non
505 1522 667 1603 coniugia
690 1541 731 1584 ex
754 1541 880 1602 genere
904 1524 1022 1582 nostro
1047 1525 1108 1581 aut
1131 1541 1194 1582 nos
1216 1524 1280 1582 aut
1305 1522 1375 1584 filii

244 1611 352 1673 nostri
379 1609 435 1674 rel
463 1614 582 1672 nostra
610 1611 794 1692 posteritas
821 1608 1023 1672 nullatenus
1051 1609 1274 1673 sortiamur&
1309 1613 1375 1673 sed

243 1699 280 1761 in
295 1703 442 1780 utroque
465 1718 548 1761 sexu
564 1698 726 1781 deinceps
750 1698 948 1760 christianis
970 1697 1080 1779 iugali
1103 1697 1226 1780 copula
1251 1718 1374 1762 conec·

242 1780 397 1850 tamurh.
454 1786 534 1849 Non
574 1786 849 1850 circumcisiones
889 1787 1002 1848 carnis
1037 1806 1228 1869 operemur.
1286 1787 1374 1850 Non

243 1897 347 1960 pasca
380 1879 416 1939 et
450 1869 611 1938 sabbatai
646 1879 845 1957 ceterosque
880 1875 954 1937 dies
986 1876 1096 1938 festos
1129 1875 1226 1936 iuxta
1258 1876 1373 1938 ritum

244 1964 386 2029 Iudaico
409 1964 627 2028 observantie
650 1964 872 2027 celebremus.
918 1963 999 2026 Non
1022 1985 1177 2027 escarum
1192 1965 1373 2028 discretio·

242 2047 348 2118 nemk
380 2053 433 2117 vel
463 2053 746 2117 consuetudinem
776 2057 967 2116 teneamus.
1013 2052 1093 2114 Non
1123 2073 1164 2116 er
1194 2053 1369 2123 omnibus.

242 2163 310 2225 qne
334 2143 521 2206 Iudeorum
549 2163 631 2205 usus
659 2145 695 2205 et
718 2141 950 2204 abominanda
973 2142 1186 2205 consuetudo
1208 2141 1265 2204 rel
1289 2163 1371 2204 con·

243 2232 392 2296 versatio
427 2231 513 2313 agit,
550 2231 769 2312 aliquatenus
802 2231 987 2304 faciamus,
1023 2231 1084 2293 sed
1118 2231 1250 2293 sincera
1285 2231 1368 2307 fide,

242 2323 343 2402 grato
374 2320 498 2394 animo,
536 2319 638 2401 plena
671 2319 852 2382 devotione
882 2320 920 2381 in
950 2317 1126 2382 Christum
1157 2319 1267 2380 filium
1299 2319 1369 2383 Dei

242 2407 325 2481 vivi,
362 2408 551 2470 secundum
582 2408 674 2488 quod
704 2407 904 2489 evangelica
934 2410 970 2470 et
1000 2407 1189 2490 apostolica
1217 2408 1369 2470 tradicio

242 2495 358 2570 habet,
384 2496 563 2558 credamus
587 2496 698 2576 adque
722 2497 815 2558 hunc
836 2497 1060 2559 confiteamur
1076 2499 1112 2558 et
1127 2491 1368 2559 veneremur¹.

243 2581 370 2648 Omnes
401 2583 506 2646 etiam
536 2603 617 2646 usus
648 2587 767 2647 sancte
797 2585 984 2648 christiane
1017 2584 1196 2666 religionis
1224 2587 1299 2646 tam
1329 2585 1368 2646 in

241 2671 341 2735 festis
364 2671 485 2735 diebus
508 2671 563 2735 vel
587 2672 622 2734 in
640 2673 840 2755 coniugiism
864 2677 900 2737 et
923 2674 1008 2736 escis
1031 2694 1135 2754 quam
1157 2674 1195 2735 in
1210 2674 1368 2737 observa·

241 2760 396 2824 tionibus
426 2761 593 2824 universis
620 2762 789 2825 veraciter
818 2765 999 2825 teneamus
1028 2765 1064 2825 et
1092 2762 1270 2825 sinceriter
1298 2784 1367 2824 am-

242 2849 444 2933 plectamur,
469 2848 566 2912 nullo
590 2854 763 2914 reservato
787 2854 873 2934 aput
896 2871 958 2913 nos
982 2854 1044 2913 aut
1059 2850 1285 2934 oppositionis
1309 2850 1367 2914 ob-

242 2938 335 3003 iectu
366 2941 427 3001 aut
456 2937 595 3002 fallacie
622 2943 835 3022 argumento,
867 2959 928 3022 per
955 2940 1049 3021 quod
1078 2943 1140 3001 sut
1168 2939 1265 3016 illan,
1298 2959 1366 3021 que

241 3026 356 3091 facere
381 3028 599 3109 denegamus,
631 3027 757 3091 iterum
780 3028 948 3091 faciamus
973 3030 1035 3090 aut
1057 3028 1131 3103 hec,
1161 3048 1226 3110 qne
1249 3027 1366 3091 facere

241 3115 484 3199 promittimus,
510 3116 650 3179 minime
674 3115 729 3179 vel
752 3137 822 3178 non
846 3116 1025 3180 sinceriter
1041 3116 1271 3199 conpleamns.
1312 3117 1365 3179 De

242 3204 353 3268 suillis
368 3225 449 3268 vero
474 3204 634 3267 carnibus
658 3204 694 3266 id
718 3205 898 3268 observare
922 3205 1165 3289 promittimus,
1191 3207 1231 3266 ut
1254 3206 1282 3267 si
1307 3225 1365 3268 eas

241 3314 302 3376 pro
320 3293 568 3356 consuetudine
585 3293 726 3356 minime
742 3293 915 3376 percipere
932 3294 1154 3377 potuerimus,
1180 3314 1220 3357 ea
1235 3297 1363 3369 tamen,

241 3386 327 3463 que⁰
349 3402 426 3444 cum
450 3381 533 3464 ipsis
558 3382 700 3445 decocta
724 3385 813 3457 sunt,
840 3382 967 3464 absque
991 3382 1173 3445 fastidium
1197 3386 1232 3445 et
1249 3402 1364 3445 orrore

242 3490 425 3532 sumamus.
474 3468 574 3547 Quod
598 3469 627 3531 si
650 3470 686 3531 in
711 3470 878 3546 omnibus,
909 3492 974 3552 que
1003 3492 1106 3554 supra
1129 3473 1248 3533 taxata
1272 3473 1363 3546 sunt,

240 3557 277 3621 in
300 3577 515 3640 quocumque
538 3557 593 3621 vel
618 3558 760 3621 minimo
783 3560 1013 3641 transgressip
1040 3560 1174 3622 inventi
1195 3559 1363 3622 fuerimus

241 3650 302 3709 out
327 3645 499 3709 contraria
522 3645 709 3709 christiane
739 3647 820 3710 fidei
851 3667 951 3730 agere
979 3648 1270 3731 presumserimus,
1303 3651 1364 3709 aut

241 3752 306 3816 que
336 3752 488 3815 congrua
518 3732 689 3798 catholice
717 3734 876 3817 religioni
905 3737 1131 3819 promisimus,
1160 3737 1273 3800 verbis
1302 3739 1364 3798 aut

240 3821 343 3885 factis
368 3820 499 3904 inplere
524 3821 769 3898 distulerimus,
795 3823 947 3887 iuramus
971 3845 1032 3909 per
1056 3826 1204 3889 eundem
1224 3825 1363 3888 Patrem

241 3912 277 3974 ct
292 3908 420 3972 Filium
441 3913 476 3972 et
496 3907 662 3993 Spiritum
687 3915 854 3987 sanctum,
880 3914 939 3994 qui
964 3915 1016 3976 est
1039 3934 1128 3976 unus
1152 3913 1188 3975 in
1204 3913 1363 3976 trinitate

348 4138 368 4183 u)
383 4134 424 4175 boo
439 4135 471 4173 nel
485 4135 524 4175 bot
538 4135 584 4177 121.
659 4133 683 4182 d)
697 4133 832 4185 spondemus
847 4137 896 4180 122.
964 4139 985 4185 e)
999 4135 1076 4176 Iudeis
1091 4159 1116 4166 -
1131 4139 1243 4176 sociemur
1256 4139 1300 4178 des.
1314 4136 1363 4178 122.

241 4188 387 4237 oluirgaiuus
403 4189 448 4230 iel.
494 4192 517 4238 g)
532 4189 643 4228 sociamur
657 4189 705 4230 Bt.
748 4189 771 4237 h)
786 4192 903 4229 nectamur
916 4191 964 4230 Bt.
1006 4191 1022 4238 i)
1036 4191 1121 4239 reliqua
1136 4191 1210 4228 omnia
1224 4191 1300 4228 desunt
1314 4189 1363 4230 132.

241 4239 475 4288 mutuationem.
524 4242 540 4289 l)
555 4242 586 4280 oa
601 4242 649 4284 ΕΙ.
664 4243 716 4289 αἱδί,Ι
731 4253 864 4282 veneremus
880 4244 925 4285 Rl.
967 4244 1105 4290 m)2'toEl.
1121 4243 1363 4292 alfi;eonviviisR1.

241 4295 439 4343 n)oas·1.‹ms,·
460 4296 564 4338 nllnltl.
636 4297 657 4344 o)
672 4295 765 4338 ilnEl.
781 4297 832 4345 olii,¹
854 4307 948 4344 quarum
958 4308 1002 4345 pro
1017 4308 1038 4344 q.
1053 4298 1132 4338 aar.
1200 4296 1224 4348 p)
1239 4302 1364 4345 transgres-

240 4359 302 4388 suros
316 4349 337 4387 Ε
346 4350 363 4391 1.
378 4349 425 4391 alsi,
