3000 4934
231 351 284 404 318
687 344 894 402 APPENDIX.

340 524 393 612 (3).
429 529 552 592 VIIII.
600 529 636 592 Si
666 530 742 611 quis
773 551 843 592 non
873 529 1034 593 habuerit
1062 528 1151 593 filios
1179 529 1366 611 legitimos

232 619 275 682 de
299 618 456 702 legitima
478 639 584 682 uxore
608 621 707 681 natos
732 622 767 682 et
790 618 953 682 habuerit
976 617 1162 695 naturales,
1194 621 1366 700 quartam

232 711 366 790 partem
404 707 608 771 hereditatis
648 727 729 770 suae
772 707 900 770 habeat
942 706 1120 770 licentiam
1159 706 1365 789 relinquere

232 795 460 872 naturalibus,
492 796 521 858 si
544 796 701 871 voluerit,
734 796 816 858 dum
845 816 948 858 sanus
978 798 1040 872 est,
1072 815 1133 878 per
1157 795 1365 859 donationis

233 884 437 961 chartulam,
463 886 524 946 aut
548 885 696 947 moriens
719 904 781 967 per
803 887 1068 960 testamentum;
1099 883 1151 946 ita
1172 887 1303 961 tamen,
1332 884 1365 948 si

233 972 361 1036 ancilla
384 972 430 1035 sit
453 972 514 1035 illa
538 972 692 1035 concuba
715 973 831 1055 ipsius,
858 992 935 1035 cum
952 971 1032 1036 filiis
1055 971 1126 1034 suis
1150 976 1231 1036 ante
1247 975 1364 1037 testes

233 1060 407 1143 legitimos
422 1061 574 1143 ingenua
590 1061 803 1136 dimittatur;
829 1061 874 1124 ad
897 1061 1033 1123 iunctos
1052 1059 1141 1123 filios
1157 1064 1193 1124 ct
1208 1063 1365 1125 matrem

232 1148 372 1212 illorum
406 1149 467 1213 det
496 1149 701 1213 hereditatis
731 1169 813 1212 suae
843 1152 1002 1231 quartam
1031 1148 1238 1232 portionem,
1275 1169 1364 1212 nam

234 1237 381 1322 amplius
412 1241 534 1320 quarte
564 1237 732 1322 portionis
762 1237 979 1301 naturalibus
1005 1237 1098 1324 ,dare
1128 1257 1199 1300 non
1228 1240 1362 1320 potest.

234 1324 335 1404 Quod
359 1327 387 1389 si
411 1326 500 1390 filios
524 1327 567 1390 de
591 1327 747 1409 legitima
769 1347 875 1390 uxore
899 1326 1070 1401 habuerit,
1099 1325 1302 1390 nullatenus
1329 1327 1364 1390 ei

233 1414 427 1496 relinquere
457 1415 562 1479 liceat
585 1415 803 1478 naturalibus
826 1414 907 1478 filiis
930 1414 997 1477 nisi
1020 1414 1260 1477 duodecimam
1282 1436 1364 1498 par-

232 1506 320 1579 tem;
353 1504 514 1567 undecim
544 1504 696 1586 reliquae
727 1508 843 1587 partes
876 1504 920 1567 ad
950 1502 1123 1586 legitimos
1152 1507 1364 1566 remaneant

233 1591 332 1654 filios.
392 1592 428 1654 Si
461 1613 542 1655 vero
577 1595 675 1676 pater
710 1592 859 1656 moriens
898 1612 968 1656 non
1005 1591 1185 1673 reliquerit
1222 1590 1364 1673 aliquid

233 1679 451 1743 naturalibus
475 1680 565 1754 filiis,
594 1681 737 1762 ingenui
760 1681 830 1743 sint
854 1681 918 1744 sivi
942 1680 1113 1756 contenti;
1145 1683 1182 1743 et
1203 1700 1275 1742 non
1300 1701 1364 1745 eos

233 1770 420 1831 revocent⁸
449 1769 493 1832 ad
516 1769 695 1832 servitium
718 1769 866 1852 legitimi
889 1769 963 1831 filii.

342 1850 395 1938 (4).
431 1858 474 1920 Χ.
513 1856 648 1940 siquis
672 1858 776 1921 iudex
799 1857 979 1921 voluntate
1007 1877 1070 1919 sua
1092 1857 1298 1921 iudicaverit
1325 1863 1364 1922 et

235 1946 387 2009 edictum
402 1949 636 2028 transgressus
654 1947 762 2010 fuerit
785 1949 926 2030 propter
942 1947 1123 2030 pecuniam
1147 1949 1182 2009 et
1205 1945 1363 2028 aliquem

234 2034 509 2117 preiudicaverit‚
534 2057 604 2099 non
628 2037 682 2098 sit.
719 2033 820 2113 Quod
844 2035 873 2097 si
897 2055 1035 2098 causam
1057 2035 1167 2117 ipsam
1190 2054 1260 2098 non
1283 2056 1361 2117 pre

233 2123 439 2187 iudicaverit
461 2124 687 2202 voluntariae,
719 2123 803 2187 satis
826 2124 1012 2187 reducatur
1036 2123 1226 2186 secundum
1249 2123 1362 2187 edicti

234 2231 365 2275 semem.

342 2296 394 2382 (5).
430 2302 493 2364 XI.
531 2302 567 2364 Si
591 2304 666 2384 quis
690 2302 794 2365 iudex
817 2301 949 2364 miserit
965 2300 1127 2363 nuntium
1144 2300 1188 2362 ad
1204 2299 1361 2382 aliquem

234 2389 394 2451 veniendi
424 2389 468 2451 ad
498 2390 673 2467 iudicium,
706 2393 742 2454 et
771 2390 816 2453 ad
846 2410 948 2471 quem
976 2389 1109 2452 miserit
1136 2388 1251 2452 venire
1280 2409 1361 2454 con-

233 2478 413 2559 tempserit
444 2477 549 2541 semel
580 2482 616 2541 et
644 2478 705 2556 bis,
738 2482 773 2542 et
803 2479 832 2542 si
861 2479 966 2541 tertio
996 2478 1041 2540 ad
1071 2477 1194 2541 iudicis
1224 2478 1360 2542 iussum

233 2585 304 2626 non
334 2567 467 2629 venerit
502 2567 545 2629 ad
575 2567 756 2642 iudicium,
791 2568 915 2650 perdat
950 2587 1089 2630 causam
1123 2570 1159 2630 et
1192 2567 1360 2631 restituat

234 2647 407 2716 debitorib
440 2674 502 2717 suo
532 2656 624 2736 quod
655 2656 687 2719 ei
717 2656 842 2720 debere
873 2656 1077 2719 constiterit.
1128 2654 1175 2717 Et
1205 2655 1234 2718 si
1263 2656 1359 2721 forte

233 2762 393 2825 praesens
417 2764 487 2806 non
501 2744 619 2821 fuerit,
644 2745 781 2826 quando
801 2745 925 2808 iudicis
941 2744 1138 2828 praeceptio
1155 2745 1199 2807 ad
1214 2744 1359 2808 domum

232 2831 339 2914 ipsius
362 2832 505 2910 venerit,
531 2838 593 2896 aut
616 2833 797 2896 infirmitas
821 2833 922 2895 illum
945 2833 1145 2909 tardaverit,
1174 2835 1236 2895 aut
1259 2833 1358 2897 forsi-

232 2922 294 2982 tan
318 2921 354 2982 in
371 2941 474 2985 causa
496 2922 587 3005 regis
606 2922 713 2986 fuerit
729 2926 927 3005 occupatus,
952 2920 981 2983 si
1005 2922 1048 2985 de
1072 2922 1126 2984 his
1148 2921 1261 2985 tribus
1284 2943 1358 2986 una

232 3011 413 3093 occupatio
436 3010 544 3073 fuerit
567 3030 669 3094 super
685 3032 773 3087 eum,
798 3032 868 3073 non
884 3010 1097 3074 molestetur.
1143 3009 1190 3072 Et
1213 3010 1242 3073 si
1265 3014 1356 3093 post·

232 3098 372 3160 modum
393 3100 536 3176 venerit,
560 3100 723 3163 restituat
747 3099 903 3163 debitum
927 3119 1028 3161 suum
1051 3099 1240 3162 secundum
1263 3099 1356 3182 regis

232 3186 393 3250 edictum.

339 3273 391 3357 (6).
423 3276 507 3338 XII.
542 3274 609 3354 Qui
626 3277 670 3339 ad
686 3276 853 3339 iudicium
869 3276 1061 3339 iudicatum
1077 3297 1146 3338 non
1162 3276 1355 3339 reddiderit

231 3363 388 3427 debitum
412 3367 447 3428 et
470 3366 715 3448 contempserit
738 3366 774 3428 in
796 3365 930 3428 duobus
946 3364 1129 3441 mensibus,
1154 3364 1356 3448 interpellet

231 3452 381 3516 creditor
411 3473 528 3536 regem
558 3457 620 3516 aut
649 3455 812 3529 iudicem,
845 3454 904 3535 qui
933 3453 1149 3516 transmittat
1178 3453 1355 3535 sagionem

231 3561 309 3604 cum
339 3542 423 3625 ipso,
455 3545 490 3605 et
520 3542 624 3605 tollat
653 3543 749 3626 sagio
779 3542 839 3606 ille
870 3542 912 3606 de
941 3541 1136 3605 substantia
1159 3542 1232 3606 eius
1260 3542 1354 3624 quod

230 3629 342 3712 ipsum
367 3630 524 3694 debitum
551 3632 660 3714 possit
682 3631 806 3707 valere,
836 3633 1004 3713 quantum
1034 3630 1195 3694 creditori
1219 3650 1281 3693 suo
1303 3650 1353 3694 re·

230 3719 374 3782 stituere
404 3719 516 3782 iussus
546 3720 677 3796 fuerat,
710 3725 745 3783 et
774 3720 898 3783 reddat
929 3719 1101 3782 creditori.
1147 3718 1194 3781 Et
1224 3717 1353 3782 habeat

230 3807 379 3870 creditor
407 3806 467 3870 ille
495 3808 677 3890 pecuniam
706 3808 797 3890 apud
822 3828 867 3884 se,
891 3828 1000 3890 usque
1024 3808 1107 3870 dum
1130 3808 1297 3871 reddatur
1320 3806 1354 3870 ei

229 3893 386 3957 debitum
410 3916 520 3972 suum,
545 3896 637 3977 quod
662 3896 693 3960 ei
716 3896 772 3960 lex
795 3889 893 3960 reddi
917 3897 1079 3980 precepit.

337 3978 389 4065 (7).
426 3983 530 4046 XIII.
567 3983 702 4066 siquis
727 3984 1098 4049 causamhabetcum
1115 3984 1184 4047 alio
1201 3984 1351 4060 homine,

229 4071 319 4134 sicut
342 4073 497 4157 superius
521 4073 688 4157 scriptum
712 4077 773 4150 est,
801 4074 845 4136 ad
868 4093 985 4156 regem
1008 4073 1198 4157 proclamet
1222 4075 1284 4136 aut
1308 4073 1351 4136 ad

228 4160 387 4239 iudicem,
413 4182 514 4244 quem
529 4184 589 4226 rex
605 4163 797 4226 constituit.
838 4160 939 4240 Quod
963 4163 1001 4239 si,
1027 4164 1226 4246 priusquam
1249 4162 1352 4225 inter·

227 4336 249 4380 a)
264 4339 357 4374 revocet
370 4345 387 4378 c.
441 4335 464 4384 b)
479 4332 586 4375 creditori
600 4335 719 4375 emendavit
734 4335 805 4377 saud.
