3000 4934
232 364 285 417 302
428 359 506 412 LEX
524 357 639 414 VISIG.
658 357 928 412 REOOESSVIND.
964 356 1032 425 XII,
1052 361 1077 426 2,
1095 361 1123 412 4.
1140 360 1166 414 5.

322 535 392 591 ΙΠΙ.
423 534 591 589 FLAVIUS
612 534 825 589 GLORIOSUS
843 533 1153 588 REOOESSVINDUS
1172 533 1262 588 REX.

256 649 315 711 De
344 648 517 711 cunctis
541 647 774 711 Iudeorum
804 647 1027 710 erroribus
1056 646 1339 728 generaliter

669 735 918 818 extirpatis.

339 842 467 905 Nullus
483 842 670 904 Iudeorum
692 862 786 905 sacre
806 841 982 923 religionis
1000 841 1223 903 christianam
1239 840 1360 915 fidem,

232 953 335 1013 quam
366 931 477 993 sancti
508 931 662 1014 percepit
691 930 861 994 tinctione
891 929 1148 1012 baptismatis³‚
1185 932 1247 991 aut
1283 949 1362 1011 pro·

232 1013 355 1082 fauetb
384 1018 602 1101 aliquatenus
633 1023 694 1082 aut
723 1019 906 1101 relinquat.
960 1016 1088 1080 Nullus
1118 1019 1209 1080 hauc
1238 1017 1360 1092 factis,

231 1109 349 1171 nullus
385 1108 487 1171 dictis
522 1107 701 1191 inpugnet.
755 1107 882 1170 Nullus
913 1107 995 1169 huic
1026 1106 1199 1175 absconse,
1235 1105 1362 1168 nullus

232 1196 346 1280 palam
371 1196 525 1260 insultet.
572 1195 700 1258 Nullus
723 1195 845 1278 fugere
869 1196 913 1257 ad
937 1195 1027 1257 hanc
1052 1195 1248 1258 evadenda⁰
1279 1214 1362 1256 con-

232 1286 365 1348 tendat.
418 1284 559 1361 Nullus,
591 1290 632 1348 ut
663 1286 751 1348 hanc
783 1284 942 1366 effugiat,
977 1284 1249 1366 quibuscumque
1280 1282 1362 1345 lati-

233 1373 323 1437 bulis
355 1394 427 1437 sese
458 1373 729 1436 hoccultandum
758 1373 887 1435 iniciat.
934 1371 1062 1434 Nullus
1087 1392 1181 1455 spem
1205 1372 1362 1453 quando-

231 1482 298 1544 que
314 1461 566 1545 profanationis
585 1463 742 1526 iterande
759 1463 946 1524 contineat.
993 1459 1120 1523 Nullus
1145 1461 1362 1523 confidentia

231 1552 421 1614 renovandi
445 1552 567 1614 erroris
592 1552 761 1614 adsumat.
807 1549 936 1612 Nullus
964 1569 1102 1634 prorsus
1126 1543 1292 1632 pertidiad
1322 1552 1361 1612 et

233 1638 420 1702 christiane
454 1639 615 1721 religioni
650 1638 752 1702 obvia
786 1633 905 1702 secta‘1
939 1639 1040 1701 corde
1075 1641 1209 1712 teneat,
1240 1637 1360 1700 verbis

232 1731 377 1810 promat,
408 1728 512 1790 factis
542 1728 713 1791 ostendat.
760 1726 888 1790 Nullus
917 1746 958 1789 ex
982 1727 1045 1801 his,
1077 1746 1143 1808 que
1171 1726 1208 1788 in
1235 1746 1360 1789 eornm

232 1815 370 1899 placitis
411 1819 493 1878 suut
533 1816 728 1898 conscripta
766 1836 951 1898 eorumque
989 1814 1130 1899 publica
1168 1814 1358 1897 scriptione

231 1907 353 1967 notata
365 1904 383 1980 ¹,
426 1909 594 1968 temerare
635 1905 789 1968 istudeat
827 1904 882 1968 vel
924 1907 1121 1968 revertare⁰
1165 1906 1356 1986 presumat.

230 1992 358 2055 Nullus
386 1994 540 2056 omnium
570 1987 724 2057 morumf
751 1994 938 2056 vetitorum
962 1993 1135 2055 conscium
1158 1991 1215 2054 vel
1238 2011 1356 2075 opera-

231 2085 342 2145 torem
356 2081 466 2146 celare
483 2083 662 2146 adtemtet.
698 2081 826 2144 Nullus
842 2083 1021 2145 inventum
1037 2081 1206 2143 latentem
1220 2080 1356 2163 pubpli-

231 2175 331 2233 careg
357 2172 520 2234 retardet.
556 2170 684 2233 Nullus
708 2172 864 2233 auditam
888 2169 1057 2233 latebram
1075 2169 1282 2232 denuntiare
1304 2189 1355 2232 re·

232 2262 339 2321 cuset.
387 2258 598 2323 Ounctorum
628 2279 776 2341 namque
805 2279 923 2321 eorum
950 2259 1093 2340 quisque
1120 2260 1356 2339 transgressor

230 2346 392 2409 iuventus
417 2349 606 2411 constitute
629 2348 715 2430 legis
740 2349 805 2411 erit
829 2339 1019 2431 subplicioll
1047 2346 1253 2429 puniendus,

342 2518 377 2573 V.
408 2517 576 2572 FLAVIUS
595 2517 808 2572 GLORIOSUS
826 2516 1135 2572 REGOESSVINDUS
1153 2516 1242 2572 REX.

313 2629 373 2692 Ne
404 2629 557 2693 Iudeia
591 2651 704 2694 more
736 2651 810 2693 suo
842 2630 1072 2694 celebrent
1101 2633 1271 2713 pasca&

338 2734 466 2798 Nullus
497 2737 540 2800 de
571 2737 689 2800 Iudeis
719 2747 819 2804 XIIII.
846 2736 952 2799 luna2
986 2736 1112 2799 mensis
1148 2727 1355 2799 alicuiusb·³

230 2823 340 2886 faciat
360 2845 472 2907 pasca,
497 2845 608 2907 neque
626 2826 759 2889 dierum
775 2825 938 2909 ipsorum,
963 2827 1003 2886 ut
1027 2824 1121 2887 soliti
1144 2816 1266 2899 suntb,
1291 2823 1355 2887 sol-

231 2911 360 2975 lemnia
383 2912 619 2977 celebrabuut.
665 2915 745 2977 Non
762 2915 834 2977 dies
850 2913 958 2977 festos
975 2913 1084 2977 omnis
1108 2912 1355 2981 sollemnitatis

231 3002 419 3065 mediocres
451 3006 512 3065 aut
540 3023 689 3066 summos
714 3003 857 3085 quisque
881 3007 1018 3066 eorum⁰
1047 3001 1269 3066 venerabitur
1293 3004 1355 3064 ant

231 3090 393 3153 intendat
423 3111 536 3155 errore
566 3091 621 3155 vel
652 3093 781 3154 honore
811 3094 958 3168 vetusto,
990 3095 1079 3153 non⁰
1108 3091 1214 3154 ferias
1245 3093 1355 3153 custo·

232 3178 314 3254 diet,
339 3201 409 3243 non
434 3181 579 3243 sabbata
602 3184 638 3244 et
661 3180 776 3243 omnia
792 3181 883 3243 festa
905 3174 1033 3242 ritumd
1052 3178 1269 3242 observantie
1293 3198 1355 3242 sue

232 3267 393 3351 deinceps
425 3273 486 3331 aut
518 3269 648 3332 coleat⁶
682 3271 744 3332 aut
771 3269 972 3351 contingere
1003 3269 1209 3350 quandoque
1240 3288 1355 3351 presu-

231 3360 314 3418 mat.
353 3356 443 3419 Nam
463 3361 647 3441 perventus
670 3379 750 3420 mox
773 3356 913 3441 speciali
930 3356 1161 3420 damnationis
1185 3376 1245 3419 sue
1269 3356 1354 3418 mul·

230 3444 364 3507 tabitur
387 3440 555 3510 ultionef.

339 3635 393 3676 1111.
431 3638 454 3683 a)
467 3636 608 3675 bautismatis
624 3637 670 3678 121.
724 3637 747 3684 b)
761 3636 856 3684 profane
870 3636 917 3677 121.
972 3636 992 3682 c)
1007 3631 1148 3673 evadendam
1162 3634 1211 3676 122.
1266 3631 1290 3681 d)
1303 3643 1355 3682 per-

231 3684 307 3724 fidiam
322 3708 348 3715 —
362 3688 452 3726 obviam
466 3695 550 3727 sectam
564 3690 613 3731 R2.
668 3691 689 3736 e)
703 3691 735 3727 aa
749 3691 861 3728 emendavi
876 3693 911 3737 (=
926 3690 1059 3738 revertere);
1082 3698 1200 3726 severrare
1214 3687 1268 3737 1323
1291 3697 1356 3726 reve·

232 3750 283 3777 rare
298 3740 494 3802 Eljlverberare
508 3743 554 3783 121.
635 3742 652 3793 ll
671 3743 702 3780 r'ta
716 3743 795 3793 R1.2;
819 3744 898 3782 horum
914 3741 991 3783 ΕΗ,
1006 3742 1053 3784 ala.
1134 3742 1156 3789 g)
1175 3740 1291 3790 publicare
1305 3740 1356 3783 Ra.

232 3791 256 3842 h)
270 3793 380 3887 supmbc'io
394 3795 517 3893 Rai'ludei
536 3868 562 3875 -
580 3859 649 3896 pasca
667 3849 709 3896 lapi
727 3853 830 3897 nequeam
848 3849 894 3891 Rl.
975 3848 998 3896 b)
1017 3847 1111 3886 alicuius
1131 3867 1157 3875 —
1175 3851 1229 3886 suut
1246 3848 1290 3889 des.
1309 3847 1356 3890 1³1.

232 3900 253 3946 c)
268 3908 345 3937 eorum
359 3919 386 3927 -
400 3911 445 3938 non
461 3901 503 3941 dee.
517 3901 564 3942 Re.
618 3899 642 3948 d)
656 3902 702 3940 ritu
716 3903 762 3944 Rl.
817 3904 838 3950 e)
853 3903 885 3939 aa
898 3903 946 3944 121.
955 3902 974 3943 2.
1028 3902 1046 3949 s)
1059 3901 1169 3940 ultionem
1183 3901 1230 3941 121.

233 4041 259 4106 1)
277 4041 437 4108 Exemplum
453 4043 552 4108 placiti
568 4043 723 4096 huiuamodi
739 4050 826 4096 ebetat
844 4046 922 4107 infra
939 4059 961 4096 c.
976 4045 1020 4097 17.
1101 4043 1129 4108 2)
1148 4042 1236 4093 ‘laam
1256 4048 1356 4108 quarta

232 4112 343 4163 deciam'
361 4114 462 4164 dicitur
480 4114 537 4165 dies
554 4121 669 4180 quartas
687 4117 803 4166 decimus
817 4121 878 4182 post
894 4116 1015 4181 prienam
1034 4114 1136 4167 lanam.
1233 4112 1261 4179 3)
1278 4112 1358 4164 Iudai

228 4183 359 4251 pascham
386 4185 518 4235 celebrant
546 4185 612 4236 lama
639 4192 738 4252 quarta
764 4187 864 4236 decima
890 4187 999 4251 mensis,
1031 4201 1106 4251 pacm
1138 4185 1231 4235 dieunt
1255 4185 1354 4249 Nisam,

231 4255 378 4306 chrismam
399 4272 458 4307 vero
476 4257 519 4308 die
540 4258 671 4308 dommim
690 4263 751 4324 post
775 4258 868 4308 lunam
892 4263 1020 4322 quartam
1042 4257 1171 4308 decimam
1186 4261 1247 4323 post
1264 4256 1356 4322 aequa

232 4328 347 4377 noctium
364 4343 483 4381 oermam.
