<?xml version="1.0" encoding="UTF-8"?>
<!DOCTYPE html PUBLIC "-//W3C//DTD XHTML 1.0 Transitional//EN"
    "http://www.w3.org/TR/xhtml1/DTD/xhtml1-transitional.dtd">
<html xmlns="http://www.w3.org/1999/xhtml" xml:lang="en" lang="en">
 <head>
  <title>
</title>
<meta http-equiv="Content-Type" content="text/html;charset=utf-8" />
  <meta name='ocr-system' content='tesseract 3.04.00' />
  <meta name='ocr-capabilities' content='ocr_page ocr_carea ocr_par ocr_line ocrx_word'/>
</head>
<body>
  <div class='ocr_page' id='page_1' title='image "./fontesiurisgerm01unkngoog_0333.png"; bbox 0 0 3000 4934; ppageno 0'>
   <div class='ocr_carea' id='block_1_1' title="bbox 265 367 1233 454">
    <p class='ocr_par' dir='ltr' id='par_1_1' title="bbox 265 367 1233 454">
     <span class='ocr_line' id='line_1_1' title="bbox 265 367 1233 454; baseline 0.001 -12"><span class='ocrx_word' id='word_1_1' title='bbox 265 389 319 442; x_wconf 79' lang='lat'><strong>294</strong></span> <span class='ocrx_word' id='word_1_2' title='bbox 426 384 503 439; x_wconf 78' lang='lat' dir='ltr'><strong>nux</strong></span> <span class='ocrx_word' id='word_1_3' title='bbox 522 384 636 440; x_wconf 79' lang='lat' dir='ltr'><strong>vism.</strong></span> <span class='ocrx_word' id='word_1_4' title='bbox 657 383 925 440; x_wconf 80' lang='lat' dir='ltr'><strong>anooassvmo.</strong></span> <span class='ocrx_word' id='word_1_5' title='bbox 961 367 1014 451; x_wconf 83' lang='lat' dir='ltr'><strong>xi,</strong></span> <span class='ocrx_word' id='word_1_6' title='bbox 1032 388 1058 451; x_wconf 80' lang='lat' dir='ltr'><strong>a,</strong></span> <span class='ocrx_word' id='word_1_7' title='bbox 1075 389 1107 445; x_wconf 81' lang='lat'><strong>2:</strong></span> <span class='ocrx_word' id='word_1_8' title='bbox 1125 390 1152 454; x_wconf 83' lang='lat' dir='ltr'><strong>s,</strong></span> <span class='ocrx_word' id='word_1_9' title='bbox 1166 388 1191 442; x_wconf 92' lang='lat'><strong>1.</strong></span> <span class='ocrx_word' id='word_1_10' title='bbox 1204 390 1233 443; x_wconf 79' lang='lat' dir='ltr'><strong>a</strong></span> 
     </span>
    </p>
   </div>
   <div class='ocr_carea' id='block_1_2' title="bbox 435 558 1273 740">
    <p class='ocr_par' dir='ltr' id='par_1_2' title="bbox 435 558 1273 740">
     <span class='ocr_line' id='line_1_2' title="bbox 684 558 967 630; baseline 0.007 -16"><span class='ocrx_word' id='word_1_11' title='bbox 684 560 722 616; x_wconf 90' lang='lat'><strong>11.</strong></span> <span class='ocrx_word' id='word_1_12' title='bbox 754 558 967 630; x_wconf 72' lang='lat' dir='ltr'><strong>auricula.</strong></span> 
     </span>
     <span class='ocr_line' id='line_1_3' title="bbox 435 656 1273 740; baseline -0.001 -19"><span class='ocrx_word' id='word_1_13' title='bbox 435 657 478 721; x_wconf 83' lang='lat' dir='ltr'><strong>Si</strong></span> <span class='ocrx_word' id='word_1_14' title='bbox 507 656 755 740; x_wconf 87' lang='lat' dir='ltr'><strong>sepulcrum</strong></span> <span class='ocrx_word' id='word_1_15' title='bbox 785 657 945 719; x_wconf 91' lang='lat' dir='ltr'><strong>mortui</strong></span> <span class='ocrx_word' id='word_1_16' title='bbox 977 656 1223 720; x_wconf 76' lang='lat' dir='ltr'><strong>auferatur.</strong></span> <span class='ocrx_word' id='word_1_17' title='bbox 1260 690 1273 719; x_wconf 90' lang='lat'><strong>.-</strong></span> 
     </span>
    </p>
   </div>
   <div class='ocr_carea' id='block_1_3' title="bbox 266 755 1399 1385">
    <p class='ocr_par' dir='ltr' id='par_1_3' title="bbox 266 755 1399 1385">
     <span class='ocr_line' id='line_1_4' title="bbox 375 755 1399 845; baseline 0.002 -19"><span class='ocrx_word' id='word_1_18' title='bbox 375 763 410 826; x_wconf 86' lang='lat' dir='ltr'><strong>Si</strong></span> <span class='ocrx_word' id='word_1_19' title='bbox 427 765 502 845; x_wconf 86' lang='lat' dir='ltr'><strong>quis</strong></span> <span class='ocrx_word' id='word_1_20' title='bbox 519 764 646 825; x_wconf 90' lang='lat' dir='ltr'><strong>mortui</strong></span> <span class='ocrx_word' id='word_1_21' title='bbox 663 755 896 826; x_wconf 84' lang='lat' dir='ltr'><strong>sarcofaoumb</strong></span> <span class='ocrx_word' id='word_1_22' title='bbox 918 762 1110 833; x_wconf 73' lang='lat' dir='ltr'>abstulerit,</span> <span class='ocrx_word' id='word_1_23' title='bbox 1133 764 1218 825; x_wconf 92' lang='lat' dir='ltr'><strong>dum</strong></span> <span class='ocrx_word' id='word_1_24' title='bbox 1234 763 1306 827; x_wconf 89' lang='lat' dir='ltr'><strong>sibi</strong></span> <span class='ocrx_word' id='word_1_25' title='bbox 1322 765 1399 829; x_wconf 90' lang='lat' dir='ltr'><strong>vult</strong></span> 
     </span>
     <span class='ocr_line' id='line_1_5' title="bbox 268 851 1397 921; baseline 0.003 -8"><span class='ocrx_word' id='word_1_26' title='bbox 268 851 395 915; x_wconf 91' lang='lat' dir='ltr'><strong>habere</strong></span> <span class='ocrx_word' id='word_1_27' title='bbox 423 852 612 915; x_wconf 88' lang='lat' dir='ltr'><strong>remedium</strong></span> <span class='ocrx_word' id='word_1_28' title='bbox 625 851 644 921; x_wconf 78' lang='lat'><strong>¹,</strong></span> <span class='ocrx_word' id='word_1_29' title='bbox 674 863 733 915; x_wconf 83' lang='grc' dir='ltr'><strong>ΧΠ</strong></span> <span class='ocrx_word' id='word_1_30' title='bbox 757 851 887 914; x_wconf 87' lang='lat' dir='ltr'><strong>solidus</strong></span> <span class='ocrx_word' id='word_1_31' title='bbox 915 851 1029 915; x_wconf 89' lang='lat' dir='ltr'><strong>iudice</strong></span> <span class='ocrx_word' id='word_1_32' title='bbox 1053 851 1237 917; x_wconf 71' lang='lat' dir='ltr'><strong>insistente</strong></span> <span class='ocrx_word' id='word_1_33' title='bbox 1262 853 1397 917; x_wconf 91' lang='lat' dir='ltr'><strong>heredi-</strong></span> 
     </span>
     <span class='ocr_line' id='line_1_6' title="bbox 268 938 1398 1021; baseline 0.004 -18"><span class='ocrx_word' id='word_1_34' title='bbox 268 939 332 1004; x_wconf 89' lang='lat' dir='ltr'><strong>bus</strong></span> <span class='ocrx_word' id='word_1_35' title='bbox 362 940 489 1001; x_wconf 92' lang='lat' dir='ltr'><strong>mortui</strong></span> <span class='ocrx_word' id='word_1_36' title='bbox 521 942 665 1021; x_wconf 89' lang='lat' dir='ltr'><strong>cogatur</strong></span> <span class='ocrx_word' id='word_1_37' title='bbox 693 939 859 1003; x_wconf 83' lang='lat' dir='ltr'>exolvere.</span> <span class='ocrx_word' id='word_1_38' title='bbox 908 938 1008 1017; x_wconf 77' lang='lat' dir='ltr'><strong>Quod</strong></span> <span class='ocrx_word' id='word_1_39' title='bbox 1032 941 1060 1002; x_wconf 92' lang='lat' dir='ltr'><strong>si</strong></span> <span class='ocrx_word' id='word_1_40' title='bbox 1085 941 1224 1003; x_wconf 91' lang='lat' dir='ltr'><strong>domino</strong></span> <span class='ocrx_word' id='word_1_41' title='bbox 1249 941 1398 1007; x_wconf 88' lang='lat' dir='ltr'><strong>iubente</strong></span> 
     </span>
     <span class='ocr_line' id='line_1_7' title="bbox 267 1027 1397 1114; baseline 0.004 -24"><span class='ocrx_word' id='word_1_42' title='bbox 267 1048 383 1091; x_wconf 76' lang='lat' dir='ltr'><strong>servus</strong></span> <span class='ocrx_word' id='word_1_43' title='bbox 408 1027 472 1090; x_wconf 84' lang='lat' dir='ltr'><strong>hoc</strong></span> <span class='ocrx_word' id='word_1_44' title='bbox 497 1028 682 1104; x_wconf 75' lang='lat' dir='ltr'><strong>admiserit,</strong></span> <span class='ocrx_word' id='word_1_45' title='bbox 708 1029 866 1090; x_wconf 89' lang='lat' dir='ltr'><strong>dominus</strong></span> <span class='ocrx_word' id='word_1_46' title='bbox 890 1048 952 1111; x_wconf 93' lang='lat' dir='ltr'><strong>pro</strong></span> <span class='ocrx_word' id='word_1_47' title='bbox 972 1048 1069 1092; x_wconf 90' lang='lat' dir='ltr'><strong>servo</strong></span> <span class='ocrx_word' id='word_1_48' title='bbox 1093 1033 1176 1092; x_wconf 71' lang='lat' dir='ltr'><strong>suo·</strong></span> <span class='ocrx_word' id='word_1_49' title='bbox 1196 1049 1397 1114; x_wconf 76' lang='lat' dir='ltr'>conponere</span> 
     </span>
     <span class='ocr_line' id='line_1_8' title="bbox 266 1116 1397 1190; baseline 0.005 -13"><span class='ocrx_word' id='word_1_50' title='bbox 266 1137 336 1178; x_wconf 92' lang='lat' dir='ltr'><strong>nou</strong></span> <span class='ocrx_word' id='word_1_51' title='bbox 360 1120 521 1180; x_wconf 89' lang='lat' dir='ltr'><strong>moretur.</strong></span> <span class='ocrx_word' id='word_1_52' title='bbox 570 1116 694 1180; x_wconf 81' lang='lat' dir='ltr'><strong>Servus</strong></span> <span class='ocrx_word' id='word_1_53' title='bbox 711 1137 801 1190; x_wconf 83' lang='lat' dir='ltr'><strong>vero,</strong></span> <span class='ocrx_word' id='word_1_54' title='bbox 826 1117 855 1179; x_wconf 90' lang='lat' dir='ltr'><strong>si</strong></span> <span class='ocrx_word' id='word_1_55' title='bbox 879 1137 920 1179; x_wconf 89' lang='lat' dir='ltr'><strong>ex</strong></span> <span class='ocrx_word' id='word_1_56' title='bbox 943 1137 1005 1180; x_wconf 90' lang='lat' dir='ltr'><strong>sua</strong></span> <span class='ocrx_word' id='word_1_57' title='bbox 1027 1116 1221 1181; x_wconf 86' lang='lat' dir='ltr'><strong>volumtate</strong></span> <span class='ocrx_word' id='word_1_58' title='bbox 1246 1120 1317 1182; x_wconf 89' lang='lat' dir='ltr'><strong>hoc</strong></span> <span class='ocrx_word' id='word_1_59' title='bbox 1341 1121 1397 1183; x_wconf 88' lang='lat' dir='ltr'><strong>ad·</strong></span> 
     </span>
     <span class='ocr_line' id='line_1_9' title="bbox 267 1195 1397 1288; baseline 0.005 -22"><span class='ocrx_word' id='word_1_60' title='bbox 267 1205 407 1280; x_wconf 78' lang='lat' dir='ltr'><strong>miserit,</strong></span> <span class='ocrx_word' id='word_1_61' title='bbox 433 1205 684 1267; x_wconf 85' lang='lat' dir='ltr'><strong>nihilhominus</strong></span> <span class='ocrx_word' id='word_1_62' title='bbox 700 1195 877 1286; x_wconf 79' lang='lat' dir='ltr'><strong>O&#39;flugella</strong></span> <span class='ocrx_word' id='word_1_63' title='bbox 899 1205 1074 1288; x_wconf 82' lang='lat' dir='ltr'><strong>suscipiat,</strong></span> <span class='ocrx_word' id='word_1_64' title='bbox 1095 1209 1130 1269; x_wconf 91' lang='lat' dir='ltr'><strong>et</strong></span> <span class='ocrx_word' id='word_1_65' title='bbox 1146 1207 1240 1288; x_wconf 93' lang='lat' dir='ltr'><strong>quod</strong></span> <span class='ocrx_word' id='word_1_66' title='bbox 1259 1208 1397 1272; x_wconf 89' lang='lat' dir='ltr'><strong>tulerat</strong></span> 
     </span>
     <span class='ocr_line' id='line_1_10' title="bbox 268 1293 1022 1385; baseline 0 -29"><span class='ocrx_word' id='word_1_67' title='bbox 268 1296 303 1356; x_wconf 89' lang='lat' dir='ltr'><strong>et</strong></span> <span class='ocrx_word' id='word_1_68' title='bbox 327 1293 402 1357; x_wconf 90' lang='lat' dir='ltr'><strong>loco</strong></span> <span class='ocrx_word' id='word_1_69' title='bbox 427 1297 462 1357; x_wconf 93' lang='lat' dir='ltr'><strong>et</strong></span> <span class='ocrx_word' id='word_1_70' title='bbox 487 1295 620 1376; x_wconf 82' lang='lat' dir='ltr'>corpori</span> <span class='ocrx_word' id='word_1_71' title='bbox 643 1293 781 1377; x_wconf 91' lang='lat' dir='ltr'><strong>proprio</strong></span> <span class='ocrx_word' id='word_1_72' title='bbox 804 1293 1022 1385; x_wconf 76' lang='lat' dir='ltr'><strong>reformetur.</strong></span> 
     </span>
    </p>
   </div>
   <div class='ocr_carea' id='block_1_4' title="bbox 301 1524 1362 1607">
    <p class='ocr_par' dir='ltr' id='par_1_4' title="bbox 301 1524 1362 1607">
     <span class='ocr_line' id='line_1_11' title="bbox 301 1524 1362 1607; baseline 0.005 -5"><span class='ocrx_word' id='word_1_73' title='bbox 301 1524 627 1604; x_wconf 66' lang='lat' dir='ltr'><strong>111.³TITULUS:</strong></span> <span class='ocrx_word' id='word_1_74' title='bbox 660 1540 722 1602; x_wconf 82' lang='lat' dir='ltr'><strong>ou</strong></span> <span class='ocrx_word' id='word_1_75' title='bbox 751 1540 1105 1604; x_wconf 75' lang='lat' dir='ltr'><strong>mansumuus</strong></span> <span class='ocrx_word' id='word_1_76' title='bbox 1132 1539 1362 1607; x_wconf 57' lang='grc'><strong>11160111-</strong></span> 
     </span>
    </p>
   </div>
   <div class='ocr_carea' id='block_1_5' title="bbox 720 1646 931 1712">
    <p class='ocr_par' dir='ltr' id='par_1_5' title="bbox 720 1646 931 1712">
     <span class='ocr_line' id='line_1_12' title="bbox 720 1646 931 1712; baseline -0.005 -2"><span class='ocrx_word' id='word_1_77' title='bbox 720 1646 931 1712; x_wconf 79' lang='lat' dir='ltr'><strong>TORIBUS.</strong></span> 
     </span>
    </p>
   </div>
   <div class='ocr_carea' id='block_1_6' title="bbox 285 1747 1395 2457">
    <p class='ocr_par' dir='ltr' id='par_1_6' title="bbox 285 1747 1395 2457">
     <span class='ocr_line' id='line_1_13' title="bbox 285 1747 1395 1835; baseline 0.008 -24"><span class='ocrx_word' id='word_1_78' title='bbox 285 1805 300 1811; x_wconf 92' lang='lat'><strong>..</strong></span> <span class='ocrx_word' id='word_1_79' title='bbox 361 1752 390 1821; x_wconf 90' lang='lat' dir='ltr'><strong>I.</strong></span> <span class='ocrx_word' id='word_1_80' title='bbox 427 1752 462 1814; x_wconf 81' lang='lat' dir='ltr'><strong>Si</strong></span> <span class='ocrx_word' id='word_1_81' title='bbox 490 1754 712 1815; x_wconf 84' lang='lat' dir='ltr'><strong>transmarini</strong></span> <span class='ocrx_word' id='word_1_82' title='bbox 739 1754 973 1835; x_wconf 87' lang='lat' dir='ltr'><strong>negotiatores</strong></span> <span class='ocrx_word' id='word_1_83' title='bbox 1000 1774 1072 1818; x_wconf 89' lang='lat' dir='ltr'><strong>rem</strong></span> <span class='ocrx_word' id='word_1_84' title='bbox 1096 1747 1287 1818; x_wconf 72' lang='lat' dir='ltr'><strong>furtivamb</strong></span> <span class='ocrx_word' id='word_1_85' title='bbox 1315 1776 1395 1820; x_wconf 89' lang='lat' dir='ltr'><strong>ven·</strong></span> 
     </span>
     <span class='ocr_line' id='line_1_14' title="bbox 427 1842 751 1925; baseline 0 -22"><span class='ocrx_word' id='word_1_86' title='bbox 427 1843 507 1905; x_wconf 92' lang='lat' dir='ltr'><strong>dere</strong></span> <span class='ocrx_word' id='word_1_87' title='bbox 532 1842 751 1925; x_wconf 88' lang='lat' dir='ltr'><strong>detegantur.</strong></span> 
     </span>
     <span class='ocr_line' id='line_1_15' title="bbox 341 1930 1389 2013; baseline 0.006 -21"><span class='ocrx_word' id='word_1_88' title='bbox 341 1930 390 1992; x_wconf 93' lang='grc' dir='ltr'><strong>ΙΙ.</strong></span> <span class='ocrx_word' id='word_1_89' title='bbox 426 1930 475 1993; x_wconf 91' lang='lat' dir='ltr'><strong>Ut</strong></span> <span class='ocrx_word' id='word_1_90' title='bbox 502 1931 725 1993; x_wconf 83' lang='lat' dir='ltr'><strong>transmarini</strong></span> <span class='ocrx_word' id='word_1_91' title='bbox 749 1932 981 2013; x_wconf 89' lang='lat' dir='ltr'><strong>negotiatores</strong></span> <span class='ocrx_word' id='word_1_92' title='bbox 1009 1931 1079 1994; x_wconf 85' lang='lat' dir='ltr'><strong>suis</strong></span> <span class='ocrx_word' id='word_1_93' title='bbox 1107 1933 1143 1995; x_wconf 94' lang='lat' dir='ltr'><strong>et</strong></span> <span class='ocrx_word' id='word_1_94' title='bbox 1169 1931 1389 1998; x_wconf 79' lang='lat' dir='ltr'><strong>tellonariis⁰</strong></span> 
     </span>
     <span class='ocr_line' id='line_1_16' title="bbox 427 2019 841 2101; baseline -0.005 -19"><span class='ocrx_word' id='word_1_95' title='bbox 427 2022 462 2082; x_wconf 94' lang='lat' dir='ltr'><strong>et</strong></span> <span class='ocrx_word' id='word_1_96' title='bbox 486 2019 620 2101; x_wconf 88' lang='lat' dir='ltr'><strong>legibus</strong></span> <span class='ocrx_word' id='word_1_97' title='bbox 645 2020 841 2082; x_wconf 87' lang='lat' dir='ltr'><strong>audiantur.</strong></span> 
     </span>
     <span class='ocr_line' id='line_1_17' title="bbox 320 2107 1394 2190; baseline 0.006 -21"><span class='ocrx_word' id='word_1_98' title='bbox 320 2107 390 2170; x_wconf 91' lang='grc' dir='ltr'><strong>ΙΙΙ.</strong></span> <span class='ocrx_word' id='word_1_99' title='bbox 427 2108 463 2170; x_wconf 83' lang='lat' dir='ltr'><strong>Si</strong></span> <span class='ocrx_word' id='word_1_100' title='bbox 479 2110 728 2171; x_wconf 88' lang='lat' dir='ltr'><strong>transmarinus</strong></span> <span class='ocrx_word' id='word_1_101' title='bbox 744 2109 940 2190; x_wconf 84' lang='lat' dir='ltr'><strong>negotiator</strong></span> <span class='ocrx_word' id='word_1_102' title='bbox 955 2109 1231 2172; x_wconf 87' lang='lat' dir='ltr'><strong>mercennarium</strong></span> <span class='ocrx_word' id='word_1_103' title='bbox 1248 2111 1292 2174; x_wconf 90' lang='lat' dir='ltr'><strong>de</strong></span> <span class='ocrx_word' id='word_1_104' title='bbox 1307 2110 1394 2175; x_wconf 87' lang='lat' dir='ltr'><strong>locis</strong></span> 
     </span>
     <span class='ocr_line' id='line_1_18' title="bbox 426 2196 944 2260; baseline 0 -2"><span class='ocrx_word' id='word_1_105' title='bbox 426 2198 552 2259; x_wconf 91' lang='lat' dir='ltr'><strong>nostris</strong></span> <span class='ocrx_word' id='word_1_106' title='bbox 577 2218 692 2260; x_wconf 85' lang='lat' dir='ltr'><strong>secum</strong></span> <span class='ocrx_word' id='word_1_107' title='bbox 714 2196 944 2259; x_wconf 89' lang='lat' dir='ltr'><strong>transtulerit.</strong></span> 
     </span>
     <span class='ocr_line' id='line_1_19' title="bbox 300 2284 1395 2372; baseline 0.005 -26"><span class='ocrx_word' id='word_1_108' title='bbox 300 2284 388 2346; x_wconf 88' lang='lat' dir='ltr'><em>IIII.</em></span> <span class='ocrx_word' id='word_1_109' title='bbox 426 2285 462 2347; x_wconf 83' lang='lat' dir='ltr'><strong>Si</strong></span> <span class='ocrx_word' id='word_1_110' title='bbox 496 2287 747 2348; x_wconf 88' lang='lat' dir='ltr'><strong>transmarinus</strong></span> <span class='ocrx_word' id='word_1_111' title='bbox 786 2286 981 2367; x_wconf 84' lang='lat' dir='ltr'><strong>negotiator</strong></span> <span class='ocrx_word' id='word_1_112' title='bbox 1019 2286 1295 2350; x_wconf 89' lang='lat' dir='ltr'><strong>mercennarium</strong></span> <span class='ocrx_word' id='word_1_113' title='bbox 1332 2310 1395 2372; x_wconf 93' lang='lat' dir='ltr'><strong>pro</strong></span> 
     </span>
     <span class='ocr_line' id='line_1_20' title="bbox 427 2369 865 2457; baseline -0.002 -22"><span class='ocrx_word' id='word_1_114' title='bbox 427 2369 640 2436; x_wconf 73' lang='lat' dir='ltr'><strong>conmercio‘l</strong></span> <span class='ocrx_word' id='word_1_115' title='bbox 667 2375 865 2457; x_wconf 80' lang='lat' dir='ltr'><strong>susceperit.</strong></span> 
     </span>
    </p>
   </div>
   <div class='ocr_carea' id='block_1_7' title="bbox 704 2525 942 2596">
    <p class='ocr_par' dir='ltr' id='par_1_7' title="bbox 704 2525 942 2596">
     <span class='ocr_line' id='line_1_21' title="bbox 704 2525 942 2596; baseline 0.017 -17"><span class='ocrx_word' id='word_1_116' title='bbox 704 2526 727 2581; x_wconf 91' lang='lat'><strong>1.</strong></span> <span class='ocrx_word' id='word_1_117' title='bbox 759 2525 942 2596; x_wconf 69' lang='lat' dir='ltr'><strong>auricus.</strong></span> 
     </span>
    </p>
   </div>
   <div class='ocr_carea' id='block_1_8' title="bbox 311 2618 1350 2793">
    <p class='ocr_par' dir='ltr' id='par_1_8' title="bbox 311 2618 1350 2793">
     <span class='ocr_line' id='line_1_22' title="bbox 311 2618 1350 2702; baseline 0.009 -23"><span class='ocrx_word' id='word_1_118' title='bbox 311 2618 354 2680; x_wconf 83' lang='lat' dir='ltr'><strong>Si</strong></span> <span class='ocrx_word' id='word_1_119' title='bbox 377 2621 666 2682; x_wconf 88' lang='lat' dir='ltr'><strong>transmarini</strong></span> <span class='ocrx_word' id='word_1_120' title='bbox 689 2621 996 2702; x_wconf 87' lang='lat' dir='ltr'><strong>negotiatores</strong></span> <span class='ocrx_word' id='word_1_121' title='bbox 1019 2643 1105 2686; x_wconf 91' lang='lat' dir='ltr'><strong>rem</strong></span> <span class='ocrx_word' id='word_1_122' title='bbox 1128 2622 1350 2688; x_wconf 81' lang='lat' dir='ltr'><strong>furtivam</strong></span> 
     </span>
     <span class='ocr_line' id='line_1_23' title="bbox 575 2710 1071 2793; baseline 0.002 -22"><span class='ocrx_word' id='word_1_123' title='bbox 575 2710 762 2773; x_wconf 91' lang='lat' dir='ltr'><strong>vendere</strong></span> <span class='ocrx_word' id='word_1_124' title='bbox 794 2710 1071 2793; x_wconf 88' lang='lat' dir='ltr'><strong>detegantur.</strong></span> 
     </span>
    </p>
   </div>
   <div class='ocr_carea' id='block_1_9' title="bbox 264 2812 1396 3253">
    <p class='ocr_par' dir='ltr' id='par_1_9' title="bbox 264 2812 1396 3253">
     <span class='ocr_line' id='line_1_24' title="bbox 373 2812 1393 2901; baseline 0.008 -25"><span class='ocrx_word' id='word_1_125' title='bbox 373 2812 430 2876; x_wconf 69' lang='lat'><strong>812</strong></span> <span class='ocrx_word' id='word_1_126' title='bbox 454 2814 529 2896; x_wconf 90' lang='lat' dir='ltr'><strong>quis</strong></span> <span class='ocrx_word' id='word_1_127' title='bbox 553 2816 803 2879; x_wconf 87' lang='lat' dir='ltr'><strong>transmarinus</strong></span> <span class='ocrx_word' id='word_1_128' title='bbox 823 2816 1020 2898; x_wconf 85' lang='lat' dir='ltr'><strong>negotiator</strong></span> <span class='ocrx_word' id='word_1_129' title='bbox 1037 2837 1167 2893; x_wconf 89' lang='lat' dir='ltr'><strong>aurum,</strong></span> <span class='ocrx_word' id='word_1_130' title='bbox 1193 2824 1393 2901; x_wconf 86' lang='lat' dir='ltr'><strong>argentum,</strong></span> 
     </span>
     <span class='ocr_line' id='line_1_25' title="bbox 264 2903 1395 2989; baseline 0.007 -24"><span class='ocrx_word' id='word_1_131' title='bbox 264 2903 471 2966; x_wconf 89' lang='lat' dir='ltr'><strong>vestimenta</strong></span> <span class='ocrx_word' id='word_1_132' title='bbox 493 2903 549 2967; x_wconf 91' lang='lat' dir='ltr'><strong>vel</strong></span> <span class='ocrx_word' id='word_1_133' title='bbox 573 2903 727 2986; x_wconf 89' lang='lat' dir='ltr'><strong>quelibet</strong></span> <span class='ocrx_word' id='word_1_134' title='bbox 750 2908 954 2969; x_wconf 89' lang='lat' dir='ltr'><strong>ornamenta</strong></span> <span class='ocrx_word' id='word_1_135' title='bbox 977 2906 1244 2989; x_wconf 86' lang='lat' dir='ltr'><strong>provincialibus</strong></span> <span class='ocrx_word' id='word_1_136' title='bbox 1261 2911 1395 2974; x_wconf 86' lang='lat' dir='ltr'><strong>nostris</strong></span> 
     </span>
     <span class='ocr_line' id='line_1_26' title="bbox 264 2993 1396 3077; baseline 0.007 -23"><span class='ocrx_word' id='word_1_137' title='bbox 264 2993 473 3068; x_wconf 78' lang='lat' dir='ltr'><strong>vendiderit,</strong></span> <span class='ocrx_word' id='word_1_138' title='bbox 506 2995 541 3056; x_wconf 92' lang='lat' dir='ltr'><strong>et</strong></span> <span class='ocrx_word' id='word_1_139' title='bbox 572 2995 772 3076; x_wconf 83' lang='lat' dir='ltr'><strong>conpetenti</strong></span> <span class='ocrx_word' id='word_1_140' title='bbox 806 2995 917 3077; x_wconf 89' lang='lat' dir='ltr'><strong>pretio</strong></span> <span class='ocrx_word' id='word_1_141' title='bbox 951 2994 1084 3058; x_wconf 84' lang='lat' dir='ltr'><strong>fuerint</strong></span> <span class='ocrx_word' id='word_1_142' title='bbox 1113 2996 1331 3075; x_wconf 86' lang='lat' dir='ltr'><strong>venundata,</strong></span> <span class='ocrx_word' id='word_1_143' title='bbox 1364 3000 1396 3062; x_wconf 91' lang='lat' dir='ltr'><strong>si</strong></span> 
     </span>
     <span class='ocr_line' id='line_1_27' title="bbox 264 3080 1395 3166; baseline 0.01 -25"><span class='ocrx_word' id='word_1_144' title='bbox 264 3080 395 3143; x_wconf 81' lang='lat' dir='ltr'><strong>furtiva</strong></span> <span class='ocrx_word' id='word_1_145' title='bbox 419 3082 637 3164; x_wconf 88' lang='lat' dir='ltr'><strong>postmodum</strong></span> <span class='ocrx_word' id='word_1_146' title='bbox 660 3082 792 3145; x_wconf 81' lang='lat' dir='ltr'><strong>fuerint</strong></span> <span class='ocrx_word' id='word_1_147' title='bbox 816 3083 1015 3166; x_wconf 71' lang='lat' dir='ltr'><strong>adprobata,</strong></span> <span class='ocrx_word' id='word_1_148' title='bbox 1044 3084 1178 3147; x_wconf 90' lang='lat' dir='ltr'><strong>nullam</strong></span> <span class='ocrx_word' id='word_1_149' title='bbox 1202 3088 1316 3149; x_wconf 92' lang='lat' dir='ltr'><strong>emtor</strong></span> <span class='ocrx_word' id='word_1_150' title='bbox 1341 3108 1395 3152; x_wconf 86' lang='lat' dir='ltr'><strong>ca·</strong></span> 
     </span>
     <span class='ocr_line' id='line_1_28' title="bbox 265 3169 688 3253; baseline 0.002 -22"><span class='ocrx_word' id='word_1_151' title='bbox 265 3169 432 3231; x_wconf 90' lang='lat' dir='ltr'><strong>lumniam</strong></span> <span class='ocrx_word' id='word_1_152' title='bbox 456 3170 688 3253; x_wconf 83' lang='lat' dir='ltr'><strong>pertimescat.</strong></span> 
     </span>
    </p>
   </div>
   <div class='ocr_carea' id='block_1_10' title="bbox 694 3324 949 3394">
    <p class='ocr_par' dir='ltr' id='par_1_10' title="bbox 694 3324 949 3394">
     <span class='ocr_line' id='line_1_29' title="bbox 694 3324 949 3394; baseline 0 -17"><span class='ocrx_word' id='word_1_153' title='bbox 694 3324 733 3380; x_wconf 87' lang='lat'><strong>11.</strong></span> <span class='ocrx_word' id='word_1_154' title='bbox 765 3324 949 3394; x_wconf 74' lang='lat' dir='ltr'><strong>Aurium.</strong></span> 
     </span>
    </p>
   </div>
   <div class='ocr_carea' id='block_1_11' title="bbox 265 3417 1394 3590">
    <p class='ocr_par' dir='ltr' id='par_1_11' title="bbox 265 3417 1394 3590">
     <span class='ocr_line' id='line_1_30' title="bbox 265 3417 1394 3501; baseline 0.007 -21"><span class='ocrx_word' id='word_1_155' title='bbox 265 3417 320 3480; x_wconf 94' lang='lat' dir='ltr'><strong>Ut</strong></span> <span class='ocrx_word' id='word_1_156' title='bbox 354 3419 642 3482; x_wconf 89' lang='lat' dir='ltr'><strong>transmarini</strong></span> <span class='ocrx_word' id='word_1_157' title='bbox 677 3421 984 3501; x_wconf 89' lang='lat' dir='ltr'><strong>negotiatores</strong></span> <span class='ocrx_word' id='word_1_158' title='bbox 1020 3421 1109 3483; x_wconf 86' lang='lat' dir='ltr'><strong>suis</strong></span> <span class='ocrx_word' id='word_1_159' title='bbox 1145 3424 1186 3485; x_wconf 92' lang='lat' dir='ltr'><strong>et</strong></span> <span class='ocrx_word' id='word_1_160' title='bbox 1215 3421 1394 3488; x_wconf 88' lang='lat' dir='ltr'><strong>telona-</strong></span> 
     </span>
     <span class='ocr_line' id='line_1_31' title="bbox 493 3507 1159 3590; baseline 0.002 -21"><span class='ocrx_word' id='word_1_161' title='bbox 493 3507 598 3570; x_wconf 83' lang='lat' dir='ltr'><strong>riisa</strong></span> <span class='ocrx_word' id='word_1_162' title='bbox 634 3511 675 3571; x_wconf 94' lang='lat' dir='ltr'><strong>et</strong></span> <span class='ocrx_word' id='word_1_163' title='bbox 706 3507 879 3590; x_wconf 90' lang='lat' dir='ltr'><strong>legibus</strong></span> <span class='ocrx_word' id='word_1_164' title='bbox 910 3510 1159 3572; x_wconf 88' lang='lat' dir='ltr'><strong>audiantur.</strong></span> 
     </span>
    </p>
   </div>
   <div class='ocr_carea' id='block_1_12' title="bbox 373 3611 1394 3696">
    <p class='ocr_par' dir='ltr' id='par_1_12' title="bbox 373 3611 1394 3696">
     <span class='ocr_line' id='line_1_32' title="bbox 373 3611 1394 3696; baseline 0.008 -21"><span class='ocrx_word' id='word_1_165' title='bbox 373 3611 460 3675; x_wconf 71' lang='lat' dir='ltr'><strong>(lum</strong></span> <span class='ocrx_word' id='word_1_166' title='bbox 501 3614 724 3676; x_wconf 87' lang='lat' dir='ltr'><strong>transmarini</strong></span> <span class='ocrx_word' id='word_1_167' title='bbox 767 3615 999 3696; x_wconf 88' lang='lat' dir='ltr'><strong>negotiatores</strong></span> <span class='ocrx_word' id='word_1_168' title='bbox 1043 3617 1134 3679; x_wconf 94' lang='lat' dir='ltr'><strong>inter</strong></span> <span class='ocrx_word' id='word_1_169' title='bbox 1172 3635 1208 3679; x_wconf 86' lang='lat' dir='ltr'><strong>se</strong></span> <span class='ocrx_word' id='word_1_170' title='bbox 1248 3637 1394 3683; x_wconf 86' lang='lat' dir='ltr'><strong>causam</strong></span> 
     </span>
    </p>
   </div>
   <div class='ocr_carea' id='block_1_13' title="bbox 371 3784 1344 3890">
    <p class='ocr_par' dir='ltr' id='par_1_13' title="bbox 371 3784 1344 3890">
     <span class='ocr_line' id='line_1_33' title="bbox 373 3784 891 3832; baseline 0.01 -11"><span class='ocrx_word' id='word_1_171' title='bbox 373 3784 401 3824; x_wconf 87' lang='lat' dir='ltr'><strong>Il.</strong></span> <span class='ocrx_word' id='word_1_172' title='bbox 441 3786 464 3830; x_wconf 83' lang='lat' dir='ltr'><strong>a)</strong></span> <span class='ocrx_word' id='word_1_173' title='bbox 478 3785 534 3822; x_wconf 78' lang='lat' dir='ltr'><strong>deest</strong></span> <span class='ocrx_word' id='word_1_174' title='bbox 548 3785 596 3826; x_wconf 70' lang='lat'><strong>122.</strong></span> <span class='ocrx_word' id='word_1_175' title='bbox 651 3785 673 3831; x_wconf 83' lang='lat' dir='ltr'><strong>b)</strong></span> <span class='ocrx_word' id='word_1_176' title='bbox 688 3786 828 3832; x_wconf 79' lang='lat' dir='ltr'><strong>sarcofagum</strong></span> <span class='ocrx_word' id='word_1_177' title='bbox 843 3788 891 3828; x_wconf 63' lang='lat'><strong>122.</strong></span> 
     </span>
     <span class='ocr_line' id='line_1_34' title="bbox 371 3836 1344 3890; baseline 0.007 -17"><span class='ocrx_word' id='word_1_178' title='bbox 371 3836 427 3878; x_wconf 87' lang='grc' dir='ltr'>ΤΙΤ,</span> <span class='ocrx_word' id='word_1_179' title='bbox 444 3838 484 3878; x_wconf 89' lang='grc' dir='ltr'>[ΙΙ.</span> <span class='ocrx_word' id='word_1_180' title='bbox 524 3840 547 3884; x_wconf 84' lang='lat' dir='ltr'><strong>a)</strong></span> <span class='ocrx_word' id='word_1_181' title='bbox 560 3847 626 3885; x_wconf 80' lang='lat' dir='ltr'><strong>usque</strong></span> <span class='ocrx_word' id='word_1_182' title='bbox 640 3839 669 3875; x_wconf 83' lang='lat' dir='ltr'><strong>ad</strong></span> <span class='ocrx_word' id='word_1_183' title='bbox 683 3838 745 3885; x_wconf 78' lang='lat' dir='ltr'><strong>finem</strong></span> <span class='ocrx_word' id='word_1_184' title='bbox 760 3840 818 3876; x_wconf 70' lang='lat' dir='ltr'><strong>tituli</strong></span> <span class='ocrx_word' id='word_1_185' title='bbox 832 3839 850 3880; x_wconf 89' lang='lat' dir='ltr'><strong>I.</strong></span> <span class='ocrx_word' id='word_1_186' title='bbox 866 3841 918 3878; x_wconf 72' lang='lat' dir='ltr'><strong>libri</strong></span> <span class='ocrx_word' id='word_1_187' title='bbox 933 3841 988 3881; x_wconf 84' lang='lat' dir='ltr'><strong>XII.</strong></span> <span class='ocrx_word' id='word_1_188' title='bbox 1006 3841 1080 3879; x_wconf 66' lang='lat' dir='ltr'><strong>emata</strong></span> <span class='ocrx_word' id='word_1_189' title='bbox 1094 3841 1141 3879; x_wconf 80' lang='lat' dir='ltr'><strong>ah&#39;a</strong></span> <span class='ocrx_word' id='word_1_190' title='bbox 1154 3851 1221 3879; x_wconf 75' lang='lat' dir='ltr'><strong>manu</strong></span> <span class='ocrx_word' id='word_1_191' title='bbox 1235 3852 1298 3880; x_wconf 76' lang='lat' dir='ltr'><strong>coreo</strong></span> <span class='ocrx_word' id='word_1_192' title='bbox 1329 3844 1344 3890; x_wconf 91' lang='lat'><em>(</em></span> 
     </span>
    </p>
   </div>
   <div class='ocr_carea' id='block_1_14' title="bbox 264 3853 1393 3990">
    <p class='ocr_par' dir='ltr' id='par_1_14' title="bbox 264 3853 1393 3990">
     <span class='ocr_line' id='line_1_35' title="bbox 264 3853 1393 3990; baseline 0.01 -65"><span class='ocrx_word' id='word_1_193' title='bbox 264 3889 861 3990; x_wconf 51' lang='lat' dir='ltr'><strong>rectoris)1slrrr&#39;pro)s{rhntliuItzmh)furtibamRI.</strong></span> <span class='ocrx_word' id='word_1_194' title='bbox 903 3894 1108 3940; x_wconf 71' lang='lat' dir='ltr'><strong>otelonariislra,</strong></span> <span class='ocrx_word' id='word_1_195' title='bbox 1149 3853 1333 3941; x_wconf 47' lang='lat' dir='ltr'><strong>d)conmertlrl⁴m</strong></span> <span class='ocrx_word' id='word_1_196' title='bbox 1341 3855 1393 3942; x_wconf 50' lang='lat' dir='ltr'><strong>egl</strong></span> 
     </span>
     <span class='ocr_line' id='line_1_36' title="bbox 396 3954 673 3985; baseline 0.022 -6"><span class='ocrx_word' id='word_1_197' title='bbox 396 3973 400 3984; x_wconf 87' lang='lat'><strong>.</strong></span> <span class='ocrx_word' id='word_1_198' title='bbox 442 3954 455 3980; x_wconf 87' lang='lat' dir='ltr'><strong>a</strong></span> <span class='ocrx_word' id='word_1_199' title='bbox 504 3954 609 3982; x_wconf 84' lang='lat' dir='ltr'><strong>oonarns</strong></span> <span class='ocrx_word' id='word_1_200' title='bbox 669 3975 673 3985; x_wconf 92' lang='lat'>.</span> 
     </span>
    </p>
   </div>
   <div class='ocr_carea' id='block_1_15' title="bbox 262 4066 1392 4420">
    <p class='ocr_par' dir='ltr' id='par_1_15' title="bbox 262 4066 1392 4420">
     <span class='ocr_line' id='line_1_37' title="bbox 265 4066 1390 4139; baseline 0.008 -20"><span class='ocrx_word' id='word_1_201' title='bbox 265 4066 291 4132; x_wconf 87' lang='grc'><strong>1)</strong></span> <span class='ocrx_word' id='word_1_202' title='bbox 309 4066 349 4119; x_wconf 85' lang='lat' dir='ltr'><strong>Se.</strong></span> <span class='ocrx_word' id='word_1_203' title='bbox 368 4067 584 4118; x_wconf 74' lang='lat' dir='ltr'><strong>eradicamentum</strong></span> <span class='ocrx_word' id='word_1_204' title='bbox 607 4071 838 4135; x_wconf 58' lang='lat' dir='ltr'><strong>superstitiosum</strong></span> <span class='ocrx_word' id='word_1_205' title='bbox 863 4071 897 4133; x_wconf 81' lang='lat' dir='ltr'><strong>ef.</strong></span> <span class='ocrx_word' id='word_1_206' title='bbox 919 4070 1010 4136; x_wconf 75' lang='lat' dir='ltr'><strong>Data,</strong></span> <span class='ocrx_word' id='word_1_207' title='bbox 1037 4072 1144 4136; x_wconf 59' lang='lat' dir='ltr'><strong>‘Westa</strong></span> <span class='ocrx_word' id='word_1_208' title='bbox 1164 4070 1252 4124; x_wconf 66' lang='lat' dir='ltr'><strong>Stud)</strong></span> <span class='ocrx_word' id='word_1_209' title='bbox 1275 4089 1304 4139; x_wconf 82' lang='lat' dir='ltr'><strong>p.</strong></span> <span class='ocrx_word' id='word_1_210' title='bbox 1324 4075 1390 4129; x_wconf 77' lang='lat'><strong>235.</strong></span> 
     </span>
     <span class='ocr_line' id='line_1_38' title="bbox 263 4137 1392 4209; baseline 0.004 -19"><span class='ocrx_word' id='word_1_211' title='bbox 263 4140 290 4203; x_wconf 77' lang='lat'><strong>2)</strong></span> <span class='ocrx_word' id='word_1_212' title='bbox 308 4137 348 4188; x_wconf 85' lang='lat' dir='ltr'>De</span> <span class='ocrx_word' id='word_1_213' title='bbox 366 4137 416 4189; x_wconf 81' lang='lat' dir='ltr'><strong>hoc</strong></span> <span class='ocrx_word' id='word_1_214' title='bbox 433 4139 529 4202; x_wconf 66' lang='lat' dir='ltr'><strong>requio</strong></span> <span class='ocrx_word' id='word_1_215' title='bbox 547 4141 619 4190; x_wconf 78' lang='lat' dir='ltr'><strong>ioris</strong></span> <span class='ocrx_word' id='word_1_216' title='bbox 636 4141 827 4191; x_wconf 71' lang='lat' dir='ltr'><strong>commentatis</strong></span> <span class='ocrx_word' id='word_1_217' title='bbox 848 4156 902 4208; x_wconf 82' lang='lat' dir='ltr'><strong>pro</strong></span> <span class='ocrx_word' id='word_1_218' title='bbox 920 4158 948 4193; x_wconf 85' lang='lat' dir='ltr'><strong>eo</strong></span> <span class='ocrx_word' id='word_1_219' title='bbox 967 4149 1080 4209; x_wconf 82' lang='lat' dir='ltr'><strong>tempore</strong></span> <span class='ocrx_word' id='word_1_220' title='bbox 1097 4145 1177 4194; x_wconf 69' lang='lat' dir='ltr'><strong>mara</strong></span> <span class='ocrx_word' id='word_1_221' title='bbox 1201 4143 1235 4206; x_wconf 80' lang='lat' dir='ltr'><strong>cf.</strong></span> <span class='ocrx_word' id='word_1_222' title='bbox 1255 4142 1288 4196; x_wconf 88' lang='lat' dir='ltr'><strong>L.</strong></span> <span class='ocrx_word' id='word_1_223' title='bbox 1303 4144 1392 4196; x_wconf 78' lang='lat' dir='ltr'><strong>Gold-</strong></span> 
     </span>
     <span class='ocr_line' id='line_1_39' title="bbox 263 4209 1391 4281; baseline 0.008 -22"><span class='ocrx_word' id='word_1_224' title='bbox 263 4209 376 4260; x_wconf 80' lang='lat' dir='ltr'><strong>sotmidt</strong></span> <span class='ocrx_word' id='word_1_225' title='bbox 389 4211 418 4260; x_wconf 85' lang='lat' dir='ltr'><strong>in</strong></span> <span class='ocrx_word' id='word_1_226' title='bbox 432 4211 473 4263; x_wconf 65' lang='grc' dir='ltr'><strong>ίΖ.</strong></span> <span class='ocrx_word' id='word_1_227' title='bbox 486 4211 507 4274; x_wconf 77' lang='lat' dir='ltr'><strong>f.</strong></span> <span class='ocrx_word' id='word_1_228' title='bbox 521 4209 730 4262; x_wconf 79' lang='lat' dir='ltr'><strong>Handelereoht&#39;</strong></span> <span class='ocrx_word' id='word_1_229' title='bbox 747 4212 824 4275; x_wconf 87' lang='lat' dir='ltr'><em>VIII,</em></span> <span class='ocrx_word' id='word_1_230' title='bbox 842 4230 870 4279; x_wconf 83' lang='lat' dir='ltr'><strong>p.</strong></span> <span class='ocrx_word' id='word_1_231' title='bbox 884 4215 936 4266; x_wconf 84' lang='lat'><strong>333</strong></span> <span class='ocrx_word' id='word_1_232' title='bbox 949 4229 1020 4280; x_wconf 74' lang='lat' dir='ltr'><strong>rqq.;</strong></span> <span class='ocrx_word' id='word_1_233' title='bbox 1039 4213 1118 4278; x_wconf 87' lang='lat' dir='ltr'><em>XVI,</em></span> <span class='ocrx_word' id='word_1_234' title='bbox 1135 4230 1164 4281; x_wconf 84' lang='lat' dir='ltr'><strong>p.</strong></span> <span class='ocrx_word' id='word_1_235' title='bbox 1177 4215 1246 4275; x_wconf 87' lang='lat'><strong>407,·</strong></span> <span class='ocrx_word' id='word_1_236' title='bbox 1266 4213 1391 4273; x_wconf 78' lang='lat' dir='ltr'><strong>‘Handb,</strong></span> 
     </span>
     <span class='ocr_line' id='line_1_40' title="bbox 263 4280 1392 4353; baseline 0.009 -23"><span class='ocrx_word' id='word_1_237' title='bbox 263 4281 289 4334; x_wconf 88' lang='lat' dir='ltr'><strong>d.</strong></span> <span class='ocrx_word' id='word_1_238' title='bbox 309 4280 527 4333; x_wconf 75' lang='lat' dir='ltr'><strong>Handelsrochts&#39;</strong></span> <span class='ocrx_word' id='word_1_239' title='bbox 546 4280 587 4348; x_wconf 82' lang='lat'><strong>1³,</strong></span> <span class='ocrx_word' id='word_1_240' title='bbox 605 4300 633 4349; x_wconf 81' lang='lat' dir='ltr'><strong>p.</strong></span> <span class='ocrx_word' id='word_1_241' title='bbox 649 4286 708 4347; x_wconf 87' lang='lat'>111,</span> <span class='ocrx_word' id='word_1_242' title='bbox 728 4299 753 4336; x_wconf 84' lang='lat' dir='ltr'><strong>n.</strong></span> <span class='ocrx_word' id='word_1_243' title='bbox 774 4285 824 4345; x_wconf 78' lang='lat'><strong>51;</strong></span> <span class='ocrx_word' id='word_1_244' title='bbox 848 4284 939 4350; x_wconf 75' lang='lat' dir='ltr'><strong>Data,</strong></span> <span class='ocrx_word' id='word_1_245' title='bbox 962 4285 1069 4349; x_wconf 60' lang='lat' dir='ltr'><strong>‘Westo</strong></span> <span class='ocrx_word' id='word_1_246' title='bbox 1089 4285 1177 4337; x_wconf 68' lang='lat' dir='ltr'><strong>stud!</strong></span> <span class='ocrx_word' id='word_1_247' title='bbox 1192 4302 1220 4352; x_wconf 82' lang='lat' dir='ltr'><strong>p.</strong></span> <span class='ocrx_word' id='word_1_248' title='bbox 1240 4285 1276 4338; x_wconf 87' lang='grc'><strong>93</strong></span> <span class='ocrx_word' id='word_1_249' title='bbox 1288 4301 1346 4353; x_wconf 66' lang='lat' dir='ltr'><strong>sqq.</strong></span> <span class='ocrx_word' id='word_1_250' title='bbox 1366 4294 1392 4340; x_wconf 75' lang='lat' dir='ltr'><strong>et</strong></span> 
     </span>
     <span class='ocr_line' id='line_1_41' title="bbox 262 4351 902 4420; baseline 0.011 -19"><span class='ocrx_word' id='word_1_251' title='bbox 262 4353 293 4402; x_wconf 77' lang='lat' dir='ltr'><strong>in</strong></span> <span class='ocrx_word' id='word_1_252' title='bbox 313 4353 353 4406; x_wconf 58' lang='grc' dir='ltr'><strong>(Ζ.</strong></span> <span class='ocrx_word' id='word_1_253' title='bbox 372 4353 393 4416; x_wconf 85' lang='lat' dir='ltr'><strong>f.</strong></span> <span class='ocrx_word' id='word_1_254' title='bbox 413 4351 623 4404; x_wconf 78' lang='lat' dir='ltr'><strong>Hondelsrectt&#39;</strong></span> <span class='ocrx_word' id='word_1_255' title='bbox 641 4354 719 4418; x_wconf 84' lang='lat' dir='ltr'><em>XVI,</em></span> <span class='ocrx_word' id='word_1_256' title='bbox 737 4371 765 4420; x_wconf 83' lang='lat' dir='ltr'><strong>p.</strong></span> <span class='ocrx_word' id='word_1_257' title='bbox 782 4356 836 4407; x_wconf 81' lang='lat'><strong>404</strong></span> <span class='ocrx_word' id='word_1_258' title='bbox 848 4370 902 4420; x_wconf 78' lang='lat' dir='ltr'><strong>sqq.</strong></span> 
     </span>
    </p>
   </div>
   <div class='ocr_carea' id='block_1_16' title="bbox 0 0 1504 4934">
    <p class='ocr_par' dir='ltr' id='par_1_16' title="bbox 0 0 1504 4934">
     <span class='ocr_line' id='line_1_42' title="bbox 0 0 1504 4934; baseline 0 1"><span class='ocrx_word' id='word_1_259' title='bbox 0 0 1504 4934; x_wconf 95' lang='lat' dir='ltr'><strong> </strong></span> 
     </span>
    </p>
   </div>
  </div>
 </body>
</html>
