3000 4934
403 348 482 403 LEX
499 347 616 404 VlSIG.
634 347 905 405 Rnccrssvmn.
941 347 997 417 ΠΙ,
1015 353 1041 419 5,
1060 352 1086 406 2.
1253 354 1306 408 113

180 531 398 616 temporibus
421 530 533 614 legem
556 550 683 613 ponere
706 533 742 594 et
764 530 901 594 viciosis
915 530 1129 595 facinoribus
1144 531 1306 596 licentius
1391 605 1396 618 ι

181 622 315 685 inolitis
343 620 494 683 termino
522 619 657 683 iustitie
686 619 834 683 obviare.
888 619 1075 682 Audeturg
1108 620 1255 703 denique
1286 642 1307 683 a

182 710 303 773 multis
334 711 455 771 contra
484 707 599 771 divine
629 707 716 790 legis
746 708 878 771 monita
906 707 962 771 vel
993 711 1114 771 contra
1142 708 1306 773 honestos

182 800 253 863 vite
277 797 468 861 communis
498 815 609 859 mores
636 796 777 859 devotas
801 796 876 859 Deo
898 796 1048 879 virgines
1072 800 1109 860 et
1131 797 1306 861 continen-

180 889 269 950 tiam
310 885 492 949 viduitatis
538 904 616 946 oum
659 883 934 948 benedictionem
979 885 1167 949 sacerdotis
1208 886 1306 948 iuxta

184 967 334 1039 moremh
354 993 524 1038 canonum
547 972 748 1056 profitentes
771 992 833 1036 seu
855 973 1046 1035 adfinitatis
1069 972 1306 1056 consanguini-

183 1056 311 1127 tatem¹
342 1062 544 1126 coniunctas
571 1054 745 1124 feminask
775 1063 838 1124 aut
863 1060 1035 1125 violenter
1062 1065 1124 1124 aut
1146 1082 1207 1145 per
1230 1082 1306 1125 con·

184 1172 322 1216 sensnm
345 1149 412 1213 sibi
435 1150 597 1231 coniuges
621 1167 754 1213 sumere
778 1151 814 1212 et
837 1149 912 1213 Deo
936 1149 1086 1213 dicatam
1110 1151 1306 1214 castitatem

182 1240 239 1304 vel
268 1231 503 1302 referendam¹
534 1237 668 1320 generis
699 1237 954 1320 copulationem
981 1238 1210 1302 inconcessem
1232 1238 1306 1302 libi·

185 1328 276 1390 dinis
298 1325 529 1389 inmunditian
557 1325 743 1388 sordidare.
791 1323 865 1403 Qua
887 1325 1075 1401 temeritas,
1102 1327 1184 1389 dum
1207 1326 1262 1390 vel
1286 1348 1307 1389 a

183 1417 266 1480 viris
287 1414 345 1479 vel
369 1419 409 1478 a⁰
429 1414 568 1478 feminis
592 1413 744 1477 eiusdem
768 1413 989 1497 professionis
1013 1414 1245 1492 admittiturp,
1271 1417 1307 1478 et

185 1504 289 1567 castis
317 1504 457 1568 aborret
484 1501 636 1565 moribus
665 1503 701 1565 et
723 1501 827 1565 fidem
849 1522 965 1565 veram
987 1503 1169 1586 inpugnat.
1215 1502 1306 1566 Zela·

183 1613 261 1744 ii
285 1589 857 1744 ffiltiitltiidi
876 1591 1319 1744 dibilitate·-

184 1773 226 1832 ut
242 1768 413 1851 deinceps,
438 1768 529 1831 sicut
544 1769 580 1830 et
596 1786 743 1831 canones
759 1766 983 1832 ecclesiastici
998 1768 1169 1851 preibant,
1188 1768 1306 1831 nullus

186 1856 261 1921 Deo
278 1858 438 1921 devotam
452 1856 631 1938 virginem,
655 1854 773 1918 nullus
796 1856 859 1920 sub
875 1856 1053 1940 religionis
1077 1856 1210 1920 abitum
1231 1876 1307 1921 con·

185 1947 365 2010 sistentem
395 1945 465 2008 sive
492 1944 673 2007 viduitatis
702 1944 951 2007 continentiam
978 1945 1220 2027 profitentem(l
1245 1963 1307 2008 seu

186 2038 347 2117 agentem
383 2033 611 2116 penitentiam
644 2032 701 2095 vel
735 2032 788 2094 sui
822 2033 1034 2115 proximam‘
1072 2033 1207 2114 generis
1245 2036 1307 2094 aut

186 2123 366 2198 eandem⁸,
389 2121 488 2185 cuius
511 2116 741 2183 admixtionet
769 2120 935 2183 incestiva
957 2123 1077 2183 notam
1100 2121 1208 2203 possit
1231 2119 1307 2183 sub-

185 2211 236 2274 ire
265 2210 419 2286 infamio,
449 2229 520 2272 non
549 2207 647 2271 licito
678 2207 825 2271 conubio
849 2210 910 2270 aut
932 2208 992 2272 riu
1019 2210 1081 2271 aut
1104 2228 1307 2272 consensum

186 2298 335 2382 accipiat
364 2297 561 2379 coniugem
593 2296 674 2378 quia
702 2315 767 2360 nec
789 2315 908 2360 verum
938 2297 1067 2379 poterit
1097 2316 1169 2361 esse
1193 2297 1306 2360 coniu-

187 2388 296 2471 gium,
328 2386 464 2468 quoda
487 2385 621 2449 meliori
648 2385 825 2468 proposito
855 2385 1040 2448 deducitur
1070 2385 1115 2449 ad
1145 2386 1305 2463 deterius,

185 2478 222 2540 et
245 2475 307 2539 sub
332 2475 413 2538 falsi
435 2475 584 2537 nominis
612 2473 757 2557 copulav
783 2473 951 2537 incestiva
973 2473 1121 2557 pollutio
1144 2477 1181 2539 et
1203 2474 1307 2537 forni-

186 2564 358 2628 cationisv
395 2563 606 2626 inmunditia
640 2564 869 2646 perpetratur.
923 2561 1000 2626 Hoc
1029 2582 1111 2626 vero
1145 2563 1243 2628 nefas
1278 2563 1308 2627 si

185 2672 288 2736 agere
318 2651 441 2715 amodo
471 2652 725 2736 provinciarum
753 2653 949 2715 nostrarum
979 2651 1164 2715 cuiuslibet
1193 2651 1307 2734 gentis

186 2741 341 2805 homines
376 2760 476 2806 sexus
509 2741 689 2823 utriusque
717 2739 954 2816 temtaverint,
989 2739 1171 2804 insistente
1200 2760 1307 2804 sacer·

186 2829 299 2893 doteW
321 2827 377 2893 vel
400 2829 525 2906 indice,
555 2829 661 2893 etiam
684 2828 714 2892 si
735 2828 853 2891 nullus
877 2830 1054 2903 accuset¹‚
1086 2828 1306 2891 omnismodis

186 2918 336 3001 separati
367 2917 469 2981 exilio
499 2921 667 3001 perpetuo
697 2917 888 2999 religentur
917 2937 981 2980 nec
1011 2915 1128 2998 aliqua
1157 2910 1220 2979 ink
1254 2916 1307 2980 de·

185 3007 377 3070 fensionem
401 3006 455 3067 sui
474 3005 729 3087 longitudinisy
746 3006 912 3089 temporis
929 3006 1144 3070 excusentur.
1179 3003 1308 3066 Eorum

152 3149 159 3164 .
186 3115 267 3159 vcro
291 3095 392 3168 bona,
417 3093 477 3175 qui
498 3094 586 3155 talia
608 3093 810 3175 gesserint²‚
835 3094 864 3156 si
887 3094 936 3157 eis
960 3095 1002 3157 de
1026 3093 1132 3176 priori
1148 3092 1307 3175 coniugio

186 3183 251 3245 filii
286 3180 476 3256 defuerint,
515 3181 668 3264 ipsorum
706 3181 787 3244 filiis
825 3180 953 3263 absque
986 3181 1130 3245 infamie
1163 3183 1304 3244 notama

186 3270 326 3336 omnino
350 3269 547 3351 proficient;
577 3261 691 3351 quial,
720 3267 804 3332 licet
831 3269 902 3331 sint
925 3262 1110 3333 sceleratel
1139 3269 1306 3352 concepti,

186 3362 267 3423 sunt
294 3360 413 3421 tamen
440 3356 536 3420 unda
565 3357 653 3421 sacri
683 3356 920 3440 baptismatis⁰
956 3357 1096 3440 expiati.
1148 3355 1249 3435 Quod
1279 3357 1309 3421 si

185 3448 250 3511 filii
272 3449 365 3512 forte
389 3446 573 3524 defuerint,
597 3445 652 3508 illi
672 3445 716 3508 ad
733 3446 935 3530 capiendam
951 3445 1182 3510 hereditatem
1197 3465 1309 3510 succe·

187 3532 304 3613 dent‘l,
329 3535 454 3619 quibus
470 3536 661 3619 priscarum
677 3533 794 3618 legum
816 3533 1157 3618 sanctiolegitimam
1180 3554 1309 3599 succes-

186 3626 316 3690 sionem
339 3624 502 3708 indulgit.
550 3624 679 3688 Similis
702 3643 836 3706 quoque
861 3623 904 3688 de
919 3624 1089 3708 religiosis
1107 3623 1220 3688 forma
1243 3644 1308 3688 ser·

185 3714 333 3790 rabitur,
370 3713 494 3796 quibus
528 3713 677 3778 nuberee
711 3733 882 3776 canonum
915 3713 1089 3778 sententia
1119 3712 1306 3797 proibetur,

186 3801 256 3865 illis
289 3805 428 3866 tantum
462 3801 602 3866 feminis
635 3802 678 3866 ab
710 3820 750 3865 ac
780 3802 953 3866 sententia
982 3795 1205 3885 segregatisf,
1242 3822 1331 3884 que·

292 4011 315 4057 g)
333 4006 425 4048 videtur
443 4009 490 4050 121.
571 4008 595 4057 h)
615 4018 702 4049 morum
720 4008 772 4059 1213
800 4020 862 4049 moro
879 4009 927 4052 Ra.
1007 4010 1024 4056 i)
1045 4009 1241 4060 consanguinitate
1261 4009 1308 4050 122.

185 4063 209 4112 k)
223 4064 280 4102 cust
294 4063 340 4103 121.
388 4062 405 4113 l)
419 4061 534 4103 ieelim.
581 4062 611 4108 m)
625 4061 750 4101 inconcessi
764 4062 810 4105 Bi.
858 4065 881 4111 n)
895 4060 1049 4102 immunditias
1063 4064 1110 4105 131.
1155 4064 1179 4110 o)
1192 4063 1248 4101 acesi
1261 4062 1308 4104 Bi.

184 4119 208 4166 p)
222 4114 357 4156 admittatur
370 4115 420 4165 1213
436 4114 549 4153 amittitur
562 4114 610 4156 122.
660 4115 948 4164 mptum-penitentiam
961 4116 1063 4158 deam.
1112 4115 1133 4167 r)
1146 4115 1249 4165 proxima
1262 4116 1308 4157 121.

185 4173 205 4217 ι)
219 4171 251 4208 ita
265 4169 316 4219 1223
332 4165 412 4208 eadam
426 4167 477 4216 1313
493 4177 542 4206 eam
554 4164 583 4206 ds
597 4167 623 4209 E.
678 4169 695 4215 t)
709 4166 871 4209 admixtionem
884 4169 932 4211 131.
986 4171 1009 4218 u)
1023 4169 1070 4208 vim
1083 4173 1124 4208 aut
1136 4178 1248 4208 consensu
1262 4168 1308 4210 Ba.

185 4226 209 4269 v)
223 4222 305 4271 copula
316 4220 512 4260 —fornicationis
531 4220 574 4262 des.
588 4220 635 4263 ΕΙ.
689 4223 720 4268 w)
733 4220 873 4262 saosrdotam
887 4223 934 4265 lil.
995 4224 1018 4270 x)
1032 4225 1095 4262 aocet
1110 4222 1157 4265 121.
1215 4223 1238 4271 y)
1252 4221 1308 4268 lm:

185 4273 335 4324 longitudine.
410 4275 430 4321 a)
444 4274 541 4322 gesserit
554 4273 601 4314 Bi.
681 4275 704 4321 ι)
717 4278 772 4315 nota
785 4276 832 4318 Ra.
909 4275 933 4327 b)
946 4274 990 4323 Qui
1004 4275 1047 4314 lico
1060 4275 1107 4315 sini
1120 4275 1247 4315 excolente
1261 4274 1308 4316 Rl.

185 4332 206 4375 c)
221 4326 351 4377 baptnmti
364 4327 411 4370 Rl.
466 4324 490 4374 d)
503 4323 627 4366 uicesimi
639 4326 688 4370 Bi.
741 4329 763 4375 e)
777 4329 834 4376 dom
847 4328 893 4370 ΕΙ.
947 4329 1100 4377 nuccragatia
1114 4328 1162 4372 121.

267 4415 311 4458 LI..
321 4415 390 4464 vulg.
404 4420 451 4459 aut.
1077 4418 1095 4471 8
