3000 4934
189 386 242 438 304
367 381 444 434 LEX
463 380 578 436 VISIG.
600 380 868 436 RECOESSVIND.
904 380 973 448 ΧΠ,
991 385 1017 448 2,
1036 385 1133 437 9—11.

265 557 364 613 VIIII.
395 556 563 611 FLAVIUS
583 555 796 610 GLORIOSUS
816 556 1126 612 RECCESSVINDUS
1144 557 1235 613 REX.

100 692 103 699 ·
190 653 249 716 Ne
283 653 410 715 Iudei
446 653 704 734 questionea
739 652 1011 715 christianos
1046 652 1318 716 inscribant.

298 759 447 842 Speciali
462 760 529 821 hoc
546 759 685 821 decreto
702 761 871 834 censetur,
897 757 986 820 nulli
1002 758 1112 821 Iudeo
1128 779 1191 841 pro
1207 759 1320 840 quali·

190 841 360 929 cumqueb
388 848 528 929 negotio
552 847 757 928 quandoque
786 845 889 910 licere
921 850 1043 909 contra
1073 848 1317 921 christianum,

190 937 344 1017 quamvis
368 934 508 997 humilis
532 934 731 1016 servilisque
754 955 907 1019 persone,
936 936 1176 998 testimoninm
1199 936 1319 1000 dicere

190 1044 299 1105 neque
328 1045 388 1106 pro
417 1023 573 1105 qualibet
597 1025 731 1087 actione
760 1028 821 1086 ant
847 1024 1129 1107 inscriptionem⁰
1159 1025 1319 1088 christia-

189 1133 272 1173 num
296 1113 460 1195 inpetere,
488 1116 549 1175 aut
572 1133 633 1195 pro
658 1112 845 1175 Iudeorum
870 1113 980 1175 causis
1004 1133 1220 1195 quacumque
1247 1113 1318 1176 fac·

188 1201 283 1264 tione
308 1203 400 1263 hunc
423 1204 598 1264 tormenta
621 1200 746 1264 subire.
792 1200 982 1263 Profanum
1006 1202 1135 1264 etenim
1151 1201 1236 1264 satis
1263 1206 1319 1265 est

189 1289 337 1352 infidelis
368 1290 471 1352 fidem
502 1290 661 1353 fidelibus
690 1293 899 1373 anteponere
930 1292 966 1352 ct
995 1290 1150 1353 membra
1182 1289 1319 1353 christi

190 1379 461 1441 adversariorum
492 1379 565 1442 eius
595 1377 762 1441 molestiis
793 1377 988 1460 subiugare.
1041 1378 1131 1441 Sane
1162 1379 1191 1441 si
1218 1379 1317 1442 idem

188 1467 280 1529 inter
303 1487 338 1530 se
363 1487 539 1530 causarum
565 1467 705 1549 negotia
730 1467 971 1549 repperiantur
994 1466 1132 1540 habere,
1157 1471 1194 1530 et
1215 1468 1318 1530 testi·

189 1556 316 1617 ficandi
340 1555 520 1618 adversum
544 1576 579 1618 se
603 1559 638 1618 et
661 1550 719 1617 in‘l
740 1555 844 1618 servis
868 1557 938 1618 suis
961 1556 1179 1618 tantumdem
1197 1576 1317 1619 coram

190 1643 386 1706 christianis
408 1644 579 1706 iudicibus
604 1645 818 1725 questionem
844 1644 971 1708 inicere
999 1646 1046 1707 sit
1067 1643 1138 1707 illis
1162 1644 1314 1708 liberum

189 1751 230 1794 ex
253 1731 330 1814 lege
354 1731 467 1795 licere.

295 1884 330 1939 X.
362 1884 530 1938 FLAVIUS
550 1883 763 1939 GLORIOSUS
781 1884 1091 1941 RECOESSVINDUS
1109 1885 1198 1941 REX.

187 1979 247 2043 Ne
291 1980 418 2043 Iudei
462 1984 616 2043 contra
662 1981 933 2043 christianos
977 1981 1314 2057 testificerrtur‚

189 2073 230 2132 et
261 2071 432 2151 quando
468 2091 515 2132 ex
547 2068 928 2220 illisliliritddrniffis
962 2070 1215 2132 testificari
1252 2071 1314 2133 sit

296 2264 332 2325 si
363 2285 477 2327 coram
508 2264 705 2327 hominibus
732 2267 931 2346 reppertum
959 2264 1179 2326 mendacium
1202 2267 1238 2326 et
1262 2265 1316 2326 in·-

187 2353 442 2415 fame1n²¹facit
466 2356 501 2416 et
525 2353 659 2415 damnis
683 2352 827 2433 adfligit,
852 2356 981 2434 quanto
1006 2353 1114 2434 magis
1138 2353 1175 2414 in
1192 2353 1312 2416 divina

187 2441 296 2502 fallax
319 2442 386 2503 fide
410 2442 595 2523 perventus
623 2462 692 2503 non
721 2441 787 2503 erit
811 2434 974 2524 penitusb
1003 2442 1046 2503 ad
1069 2442 1311 2505 testimonium

188 2530 433 2592 admittendus.
470 2529 596 2591 Merito
620 2548 701 2610 ergo
723 2530 904 2593 testificari
927 2530 1069 2612 proibiti
1093 2534 1175 2592 sunt
1194 2530 1308 2601 Iudei,

188 2637 247 2680 seu
272 2617 446 2700 baptizati,
472 2617 542 2680 sive
566 2638 635 2680 non
660 2619 839 2681 extiterint
863 2619 1038 2702 baptizati.
1086 2618 1139 2681 De
1163 2619 1304 2701 istirpe⁰

187 2711 304 2770 autem
334 2706 473 2769 illorum
504 2708 677 2789 progeniti
707 2708 736 2769 si
766 2728 900 2770 morum
931 2701 1124 2789 provitated
1158 2710 1194 2770 et
1226 2707 1310 2771 fidei

187 2795 404 2878 plenitudine
447 2796 642 2858 habeantur
679 2796 808 2865 idonei,
856 2796 1069 2877 permittitur
1106 2794 1176 2858 illis
1215 2796 1310 2859 inter

187 2884 392 2947 christianos
426 2885 596 2948 veridicae
636 2886 774 2967 quidem
808 2884 1019 2947 testificandi
1054 2883 1210 2955 licentia,
1247 2885 1312 2947 sed

186 2995 256 3036 non
287 2973 397 3045 aliter,
431 2974 496 3036 nisi
526 2967 773 3048 sacerdotemf,
804 2993 921 3054 regem
943 2971 999 3036 vel
1023 2973 1173 3035 iudicem
1195 2993 1314 3036 mores

186 3062 323 3125 illorum
349 3066 385 3126 et
407 3064 512 3126 fidem
535 3063 739 3125 omnimodis
764 3061 1054 3144 conprobantesss.

287 3216 338 3270 XI.
368 3215 537 3270 FLAVIUS
557 3214 770 3270 GLORIOSUS
789 3213 1098 3268 Rnccnssvninus
1117 3212 1205 3267 REX.

231 3311 290 3373 De
320 3331 445 3394 pena.
477 3332 557 3393 qua
587 3311 840 3394 perimenda
869 3313 934 3372 est
960 3309 1262 3390 transgressio

624 3400 866 3462 Iudeorum.

293 3506 368 3569 Hec
393 3507 435 3569 de
459 3507 557 3568 sinoa
585 3506 851 3568 fortissimarum
881 3503 998 3585 legum
1022 3504 1195 3566 sententia
1219 3524 1312 3566 ema·

185 3598 248 3656 nat
276 3596 320 3657 nd
348 3596 558 3677 puniendam
587 3595 765 3677 perfidiam
794 3592 989 3661 Iudeorum,
1017 3596 1067 3660 ut,
1099 3593 1309 3673 quicumque

185 3686 247 3745 aut
277 3684 509 3765 superioribus
535 3683 645 3746 vetita
673 3682 807 3763 legibus
836 3685 897 3744 aut
924 3682 994 3744 suis
1023 3674 1140 3743 inirab
1168 3680 1312 3763 placitis

184 3775 354 3834 temerare
377 3772 525 3834 voluerit
549 3771 604 3834 vel
627 3771 795 3833 frustrare
819 3770 1051 3853 presumserit,
1082 3789 1161 3831 mox
1188 3769 1301 3831 insta⁰

185 3861 435 3943 isponsioneme
471 3860 622 3941 ipsorum
657 3860 771 3941 gentis
805 3880 866 3922 sue
900 3858 1059 3921 manibus
1093 3862 1155 3920 aut
1189 3857 1306 3941 lapide

184 3949 375 4032 perimatur
405 3951 466 4010 aut
495 3949 575 4029 igne
606 3951 786 4011 cremetur.
834 3946 934 4025 Quod
957 3947 986 4009 si
1010 3948 1214 4009 denotatum
1245 3947 1308 4008 cri·

292 4104 367 4144 VIIII.
394 4102 592 4152 s)qnestioniRl.
633 4102 863 4150 b)qnscnmqneR1.
904 4100 1115 4148 ascriptionem.
1156 4097 1305 4147 mimam.

292 4159 317 4198 X.
358 4159 380 4205 s)
394 4157 493 4196 infsmen
508 4158 553 4197 Rl.
628 4156 650 4201 b)
664 4157 721 4192 deest
734 4157 782 4197 ΕΙ.
849 4157 871 4205 c)
884 4155 956 4204 stirpe
969 4155 1018 4195 Rs.
1090 4152 1114 4199 d)
1127 4155 1242 4202 pravitate
1256 4154 1306 4194 Rs.

184 4215 205 4257 e)
224 4213 256 4249 ita
274 4212 322 4253 El.
336 4213 360 4253 2:
386 4210 484 4249 veredes
502 4212 553 4260 1315
580 4207 712 4248 veredieant
731 4210 779 4251 Rs,
864 4209 883 4255 f)
900 4206 1018 4246 sacerdote
1036 4218 1089 4255 rege
1108 4207 1145 4246 rel
1162 4205 1238 4245 iudice
1256 4207 1312 4248 Rs..

184 4269 206 4313 g)
221 4267 252 4303 ira
267 4267 317 4307 121:
334 4265 486 4312 conprobsnte
501 4264 610 4305 3231.

292 4320 329 4360 XI.
369 4322 392 4366 a)
405 4319 456 4357 sinu
471 4319 519 4360 ΒΞ,
597 4317 619 4363 b)
634 4317 665 4353 ito
679 4316 717 4352 Rl
736 4317 759 4362 (ε’,
774 4326 791 4356 e,
805 4316 908 4363 innexn);
929 4315 997 4353 inexs
1010 4315 1059 4355 122.
1136 4315 1157 4360 e)
1171 4315 1185 4354 ι’,
1196 4324 1213 4353 e.
1227 4313 1310 4362 iuxta5.

184 4373 248 4410 iuxta
261 4373 404 4421 sponsionem
418 4372 439 4409 R
448 4373 468 4413 2,
