3000 4934
274 396 328 449 290
503 388 581 443 LEX
599 386 1005 444 viseliacensem.
1041 386 1078 455 X,
1096 392 1122 455 3,
1140 391 1167 444 5.

277 579 338 637 aut
367 574 595 637 vinditionem
629 576 691 635 aut
725 573 948 636 donationem
982 566 1070 635 aut‘¹
1103 571 1313 635 divisionem
1347 576 1406 636 aut

278 664 393 744 aliqua
422 656 678 725 transactioned
705 661 914 724 translatum
938 663 1004 731 est,
1036 660 1091 723 id⁰
1119 660 1157 722 in
1186 660 1262 724 eins
1290 661 1404 735 fundi,

277 744 410 833 adquef
430 772 450 812 a
464 750 629 812 Romanis
653 749 845 831 antiquitus
869 748 1035 832 probatur
1059 749 1305 824 adiunctum⁸‚
1332 750 1405 814 iure

278 840 453 903 consistat.
501 836 588 901 Oum
619 841 735 900 autem
766 838 957 920 proprietas
987 837 1089 899 fundi
1118 837 1226 899 nullis
1257 838 1405 901 certissi-

277 929 341 990 mis
370 927 476 1008 signis
505 929 567 989 aut
595 925 764 990 limitibus
792 925 969 1009 probatur,
1000 917 1108 1008 quidh
1136 925 1264 989 debeat
1293 926 1405 990 obser·

277 1016 364 1091 vari,
397 1014 505 1095 eligat
535 1014 703 1097 inspectio
734 1015 977 1090 iudicantium,
1009 1035 1093 1096 quos
1124 1007 1295 1097 partinm¹
1330 1036 1404 1078 con·

278 1123 396 1167 sensus
421 1102 606 1186 helegerit;
637 1103 689 1166 ita
716 1106 757 1165 ut
784 1103 897 1177 iudex,
927 1123 1012 1184 quos
1036 1103 1197 1166 certiores
1221 1105 1405 1185 agnoverit

278 1191 332 1256 vel
363 1191 526 1265 seniores,
558 1191 667 1254 faciat
697 1211 754 1255 eos
785 1194 1000 1254 sacramenta
1052 1191 1181 1265 rebem,
1213 1192 1309 1274 quod
1340 1196 1404 1256 ter·

278 1280 388 1343 minos
413 1280 486 1344 sine
510 1279 583 1342 ulla
605 1280 729 1344 fraude
753 1279 1020 1343 monstraverint
1051 1331 1057 1356 ,
1083 1282 1261 1343 ettamen
1284 1280 1404 1344 nullus

278 1390 406 1432 novum
435 1369 622 1432 terminum
652 1369 726 1432 sine
757 1368 924 1432 consortis
955 1368 1129 1451 presentia
1158 1371 1220 1430 aut
1250 1369 1327 1433 sine
1357 1370 1404 1432 in·
1496 1380 1498 1417 ÷

279 1460 434 1540 spectore
463 1458 664 1520 constituat.
711 1455 812 1535 Quod
836 1457 865 1520 si
887 1457 1035 1520 forsitan
1063 1456 1150 1520 liber
1177 1457 1244 1519 hoc
1267 1456 1403 1534 fecerit,

279 1545 443 1607 damnum
468 1538 694 1628 pervasionis¹
726 1545 883 1628 excipiat,
913 1546 1005 1627 qnod
1032 1545 1167 1628 legibus
1191 1545 1403 1610 continetur.

280 1631 316 1694 Si
340 1653 420 1696 vero
448 1633 485 1696 id
513 1653 630 1696 servus
658 1633 835 1698 admiserit
864 1635 1003 1698 domino
1029 1634 1214 1709 nesciente,
1245 1640 1325 1698 00⁰¹
1347 1635 1404 1699 fla·

280 1720 373 1802 gella
399 1720 538 1804 publice
566 1725 726 1785 extensus
754 1723 912 1806 accipiat,
941 1725 977 1786 et
1004 1722 1141 1785 nullum
1168 1742 1210 1786 ex
1238 1724 1306 1786 hoo
1332 1745 1404 1808 pre

278 1808 446 1873 iudicium
470 1810 609 1874 domino
633 1814 851 1892 conputetur.

387 1997 410 2047 d)
429 2003 508 2038 sut-
523 2001 674 2039 transactione
692 2002 735 2041 des.
749 2001 795 2043 Rl.
877 2002 898 2048 e)
916 2004 940 2039 et
953 2001 1000 2042 ΕΙ,
1084 2001 1102 2047 0
1120 2001 1153 2038 sta
1166 1999 1249 2050 Μὴ
1272 2004 1344 2050 etque
1359 2002 1406 2044 El.

280 2053 302 2099 g)
316 2049 446 2091 adiunctum
461 2053 508 2094 ΕΙ,
569 2054 592 2102 h)
607 2051 718 2101 quidquid
732 2054 778 2096 121.
840 2054 1026 2102 inspectioni.
1093 2053 1117 2101 k)
1132 2051 1344 2095 demonstraverint
1358 2056 1406 2097 ΒΣ.

280 2105 296 2152 1)
311 2106 462 2152 persuasionis
477 2107 528 2157 1213
544 2108 698 2156 praevasionis
713 2109 734 2146 B
743 2109 762 2148 2.
816 2106 847 2158 m)
861 2105 988 2146 ducenteno
1000 2107 1021 2145 B
1031 2107 1050 2148 2.
