3000 4934
372 344 428 399 ΠΙ.
463 342 584 398 INDEX
603 341 742 398 RERUM
759 342 810 396 ET
828 340 1053 398 VERBORUM.
1219 343 1272 396 389

188 542 235 579 cus
253 523 392 576 infirmum
411 522 446 575 ad
462 521 593 590 placitum
606 538 694 574 susce·
730 519 892 573 terminare:
918 519 1081 572 terminatae
1100 536 1196 572 causae
1221 521 1271 586 46;

187 596 260 664 perit
278 599 346 661 2921
371 594 508 662 suscipere
527 593 647 646 accolam
665 592 694 644 in

766 591 907 660 negotium
926 591 1073 643 terminare
1092 593 1134 645 57.
1153 593 1214 645 219.

187 672 262 720 terra
280 683 328 718 sua
345 669 411 732 2811
430 664 477 733 qui
494 664 613 732 suscepti
630 667 694 716 sunt
730 663 863 715 terminus
889 666 914 718 3.
940 665 1098 727 287-2901
1124 660 1272 713 terminum

188 742 216 790 et
233 736 343 805 patroni
362 753 457 790 eorum
475 737 510 790 it.

153 809 311 875 suscribere,
325 807 469 876 suscriptio
481 823 504 859 v.
515 805 693 874 subscribere,

188 879 357 948 subscriptio.

152 956 306 1019 suspectus:
325 949 408 1003 iudex
427 966 448 1004 s.
467 953 510 1004 52.
525 952 576 1014 531
595 947 693 1000 ducem

187 1026 344 1091 suspectam
362 1021 465 1073 habere
483 1021 526 1074 53.

400 1200 442 1253 Τ.

153 1304 218 1357 talio
233 1307 298 1371 1861
318 1301 512 1371 conpositionis
525 1318 631 1354 summa
642 1318 693 1370 pro

187 1392 243 1427 non
261 1374 401 1428 reddendo
414 1373 516 1426 talione
530 1376 597 1439 1861
616 1373 693 1425 talio·

188 1463 251 1499 nem
270 1445 385 1498 reddere
397 1444 568 1513 prohibitum
582 1446 646 1512 1871
664 1443 694 1497 in

187 1535 215 1570 se
234 1517 355 1584 recipere
372 1516 503 1569 talionem
521 1517 556 1567 ib.

151 1591 245 1640 taurus
263 1588 376 1641 vitiosus
394 1590 456 1643 248.

151 1664 259 1712 taxare:
272 1663 381 1712 tantum
393 1656 595 1726 conpositionis,
608 1672 693 1723 quan-

186 1735 245 1782 tum
265 1731 322 1798 ipse
335 1729 477 1794 taxaverit,
496 1728 543 1797 qui
561 1728 693 1780 lesionem

186 1802 300 1871 pertulit
331 1804 395 1868 1871
432 1800 531 1868 pignus
568 1802 692 1851 taxatum

187 1876 253 1942 165;
272 1890 343 1942 pena
361 1889 411 1941 per
424 1872 587 1940 scripturam
600 1874 693 1923 taxata

186 1949 253 2012 2231
279 1944 384 1996 furtum
402 1947 526 1995 taxatum
548 1945 617 2010 2101
644 1941 691 1995 do-

186 2033 247 2066 mus
265 2015 384 2082 pretium
403 2017 527 2066 taxatum
545 2017 607 2068 232.

150 2085 266 2137 taxatio:
281 2085 330 2138 sub
340 2084 487 2137 iuramenti
498 2083 637 2136 taxatione
647 2086 690 2139 83.

151 2155 288 2223 telonarii,
320 2155 480 2207 thelonarii:
516 2153 692 2207 transmarini

186 2226 370 2296 negotiatores
387 2225 442 2278 suis
461 2231 489 2279 et
506 2226 645 2279 telonariis
664 2229 692 2278 et

186 2298 291 2366 legibus
310 2297 456 2350 audiantur
474 2300 535 2353 294.
554 2300 615 2352 295.

150 2372 311 2437 tempestas:
344 2368 492 2422 commotio
522 2367 692 2436 tempestatis

187 2442 279 2506 (causa
288 2439 448 2493 manifestae
458 2439 637 2506 necessitatis)
645 2442 692 2508 581

189 2515 382 2579 tempestatum
401 2511 557 2565 inmissores
576 2515 636 2568 182.

153 2586 275 2650 tempus:
289 2588 413 2652 tempore
425 2583 615 2637 Romanorum
627 2587 693 2649 2891

189 2658 296 2722 tempus
314 2655 388 2709 vitae
407 2659 473 2721 1281
491 2659 511 2710 t.
525 2656 694 2708 decimarum

189 2729 256 2794 2551
282 2732 301 2780 t.
320 2726 427 2795 glandis
446 2727 496 2792 ib.;
522 2732 551 2792 t.,
575 2743 628 2792 quo
648 2725 694 2777 de·

189 2795 311 2848 fenditur
329 2813 430 2862 pecora
452 2797 480 2846 in
504 2799 614 2861 pratum
632 2795 695 2845 mit·

188 2870 246 2916 tere
268 2869 337 2931 2391
362 2896 395 2902 -
421 2871 568 2931 conpetens
586 2867 695 2932 tempus

190 2938 238 2999 521
265 2935 397 3001 placitum
415 2937 434 2988 1.
455 2938 480 2989 9.
501 2938 567 2999 1521
592 2939 612 2989 t.
632 2951 695 2987 con-

191 3005 315 3056 stitutum
336 3008 395 3060 165.
408 3008 477 3071 2741
495 3008 515 3059 t.
529 3003 696 3058 sufficienter

189 3094 205 3128 a
217 3076 307 3129 iudice
319 3075 497 3129 constitutum
510 3079 578 3142 2091
596 3080 616 3131 t.
630 3076 695 3145 legi-

110 3173 113 3177 ·
189 3148 239 3198 bus
252 3147 430 3199 constitutum
449 3151 496 3214 51;
514 3147 608 3215 legum
625 3151 695 3201 tem·

189 3235 257 3285 pora
281 3222 323 3273 59.
343 3221 393 3284 831
421 3247 452 3256 -
480 3235 514 3271 ex
538 3218 695 3286 prolixitate

190 3289 320 3356 temporis
328 3288 520 3341 sibivindicare
526 3292 587 3356 2671
598 3290 695 3359 longae

190 3360 365 3428 possessionis
386 3364 495 3429 tempus
519 3363 588 3426 2891
613 3360 696 3430 longa

189 3440 314 3500 tempora
326 3433 374 3497 ib.;
387 3431 551 3500 interruptio
564 3432 695 3500 temporis
731 3437 820 3487 terror
839 3437 888 3500 991
910 3433 938 3485 in
957 3437 1093 3487 conventu
1111 3434 1220 3501 publico
1239 3433 1275 3486 ad

189 3505 254 3572 2861
268 3504 369 3570 absque
379 3507 535 3571 temporum
545 3503 695 3571 preiudioio

189 3578 256 3643 2851
285 3575 403 3628 duorum
428 3592 562 3628 annorum
586 3579 695 3643 tempus

765 749 876 801 ponere,
890 733 1064 800 constituere,
1083 733 1228 785 restituere
1246 736 1270 785 3.

766 807 827 860 288.
855 807 923 870 2901
951 804 1082 857 terminos
1110 803 1272 867 convellere,

766 876 904 942 divellere,
917 875 1035 928 evellere
1048 877 1115 940 2881
1134 874 1206 926 intra
1217 877 1272 926 ter-

765 947 854 1000 minos
872 946 975 999 alienos
993 945 1132 1014 possidere
1149 948 1211 999 289.

730 1020 811 1084 terra,
837 1021 927 1070 terrae
951 1019 992 1072 11.
1018 1020 1059 1072 15.
1086 1020 1129 1072 35.
1149 1020 1191 1071 rs.
1212 1017 1271 1072 152.

768 1092 827 1144 173.
841 1092 903 1144 278.
917 1091 978 1144 279.
997 1091 1065 1156 2831
1083 1091 1187 1140 terram
1206 1086 1272 1140 divi-

766 1159 918 1225 (1111112561
937 1159 1034 1211 divisio
1053 1163 1189 1211 terrarum
1201 1157 1273 1211 sacta

765 1231 839 1284 inter
858 1229 962 1283 Gotum
981 1233 1009 1282 et
1025 1228 1184 1283 Romanum
1206 1233 1272 1295 2781

766 1302 795 1353 in
813 1301 946 1354 consortis
969 1305 1043 1354 terra
1065 1301 1173 1354 vineam
1197 1301 1273 1368 plan-

766 1376 835 1441 tare,
854 1372 967 1425 domum
980 1376 1138 1425 construere
1152 1375 1218 1439 2771
1238 1372 1273 1424 ad

765 1444 905 1512 placitum,
913 1443 948 1496 ad
956 1460 1088 1496 canonem
1096 1447 1182 1496 terras
1191 1444 1271 1496 susci-

765 1531 831 1582 pere
862 1518 929 1580 2791
961 1520 1050 1568 terrae
1081 1515 1116 1567 ad
1142 1515 1272 1582 placitum

766 1586 890 1653 canonis,
919 1603 969 1654 per
998 1585 1129 1654 placitum
1160 1585 1272 1638 definito

766 1673 900 1709 annorum
919 1674 1034 1710 numero
1053 1657 1133 1710 datae
1152 1660 1199 1722 ib.;
1219 1661 1272 1709 ter-

766 1745 825 1781 ram
842 1728 973 1797 accipere,
992 1731 1114 1796 prestare
1132 1732 1200 1794 2801
1219 1733 1273 1780 ter-

766 1817 826 1852 ram
863 1799 898 1852 ad
935 1799 1116 1853 excolendum
1151 1799 1273 1865 accipere

766 1875 832 1939 2811
858 1871 995 1939 suscipere
1014 1871 1135 1923 accolam
1153 1871 1181 1921 in
1200 1873 1273 1922 terra

767 1959 816 1994 sua
840 1945 906 2008 2811
931 1942 986 2008 ille,
1013 1941 1056 1993 cui
1081 1958 1110 1993 se
1135 1957 1272 1993 commen·

768 2012 851 2080 davit,
870 2012 918 2065 det
936 2013 961 2065 ei
979 2016 1081 2064 terram
1096 2015 1160 2079 1501
1180 2015 1272 2078 patro-

768 2101 827 2150 nus,
847 2100 928 2150 quem
941 2083 1091 2149 reliquerit,
1109 2086 1212 2134 terram
1225 2082 1273 2134 ob·

768 2155 856 2207 tineat
872 2157 922 2220 ib.;
944 2154 973 2206 in
991 2158 1065 2206 terra
1083 2154 1191 2221 patroni
1210 2169 1273 2206 con-

768 2226 864 2278 sistens
895 2226 929 2278 de
956 2225 1049 2278 labore
1079 2241 1127 2277 suo
1156 2224 1274 2293 adquirit

769 2301 835 2363 1721
859 2296 893 2350 de
912 2296 1023 2350 servitio
1042 2296 1178 2362 ecclesiae,
1198 2296 1273 2348 ouius

767 2373 869 2421 terram
894 2368 1077 2437 possidebant,
1104 2367 1273 2421 discedentes

768 2443 828 2496 144.

730 2512 842 2566 terreri:
866 2515 942 2565 metu
965 2512 1076 2565 territus
1096 2511 1209 2564 amalis
1227 2511 1273 2564 ab·

767 2584 866 2637 stineat
884 2588 945 2639 200.

731 2655 901 2709 territorium
930 2658 971 2709 11.
999 2658 1043 2710 47.
1072 2657 1114 2709 74.
1142 2658 1184 2709 75.
1212 2657 1272 2709 297.

768 2729 828 2781 305.
856 2728 924 2791 3061
957 2725 1112 2792 episcopus,
1139 2724 1273 2792 pontifex,

767 2793 893 2847 sacerdos
918 2795 1056 2860 territorii,
1081 2795 1110 2845 in
1135 2795 1273 2847 territorio

768 2865 932 2917 constitutus
960 2868 1019 2920 115.
1040 2867 1099 2919 198.
1125 2868 1186 2920 305.
1206 2868 1273 2930 3061

767 2935 936 2988 territorium
952 2935 1059 2987 comitis
1077 2935 1194 2988 civitatis
1212 2939 1273 2990 205.

768 3010 923 3073 269-2711
942 3010 961 3060 t.
980 3006 1077 3059 iudicis
1096 3009 1273 3072 62632051

768 3077 851 3130 iudex
863 3077 994 3130 territorii
1008 3081 1050 3133 75.
1065 3081 1125 3132 117.
1140 3079 1199 3132 137.
1214 3080 1273 3132 184.

769 3151 828 3205 189.
859 3153 920 3204 219.
951 3152 1019 3215 2971
1047 3152 1083 3214 cf.
1114 3152 1175 3204 305.
1207 3152 1273 3215 3001

767 3219 850 3273 iudex
868 3220 913 3272 vel
927 3219 1044 3272 vicarius
1056 3220 1198 3288 proximae
1210 3218 1273 3272 civi-

767 3291 831 3343 tatis
850 3294 897 3343 aut
916 3291 1046 3344 territorii
1064 3295 1124 3347 263.
1144 3322 1175 3331 -
1195 3291 1274 3343 terri·

767 3362 870 3415 torium
889 3361 1046 3417 1111101278.

768 3505 884 3557 aliorum
906 3508 1041 3558 terrorem
1060 3503 1104 3558 OC
1123 3505 1212 3559 hictus
1230 3521 1273 3558 ac·

768 3577 871 3644 cipiant
887 3580 948 3632 228.

189 3650 239 3712 89;
258 3646 407 3700 tricennale
426 3651 534 3714 tempus
552 3650 613 3702 284.
633 3649 694 3704 285,
732 3648 821 3712 tertia,
844 3647 926 3700 tertia
947 3664 1025 3715 pars:
1051 3647 1133 3700 tertia
1151 3645 1274 3700 usufruc-

189 3720 254 3785 2871
292 3719 556 3787 quinquagenarium
586 3722 695 3787 tempus

189 3792 257 3853 2831
272 3819 304 3826 -
322 3793 430 3858 tempus
442 3793 491 3843 aut
503 3790 576 3843 diem
588 3796 695 3843 mutare

191 3858 229 3920 (in
248 3860 468 3926 preceptionibus
486 3861 569 3930 regis)
585 3866 646 3918 219.

153 3931 261 3983 tenere:
288 3945 380 3981 servus
406 3948 422 3983 a
447 3931 535 3984 iudice
560 3932 695 3986 tenendus

768 3718 857 3771 tuaria
877 3722 926 3784 151
951 3724 1066 3787 propter
1090 3734 1201 3771 usuram
1220 3722 1273 3772 ter-

767 3790 835 3842 tiam
858 3793 964 3858 partem
984 3789 1108 3858 accipere
1129 3793 1194 3855 1031
1219 3793 1274 3843 ter-

767 3862 822 3914 tiae
849 3860 1039 3915 Romanorum
1069 3865 1094 3916 3.
1123 3863 1184 3917 278.
1212 3865 1273 3917 281.

766 3937 835 3998 2841
855 3933 965 3986 tertiam
983 3932 1098 3985 reddere
1116 3936 1178 3988 281.
1238 3969 1241 3974 -

191 4002 256 4063 1751
282 3998 362 4051 fiscus
381 4000 415 4053 de
434 4002 618 4068 quorumlibet
636 4003 695 4056 iure
731 4005 834 4057 tesauri
851 4004 954 4072 publici
971 4005 1033 4058 209.

189 4069 380 4138 quodcumque
407 4075 503 4124 tenens
530 4076 596 4137 2851
625 4091 695 4140 quae
731 4079 926 4128 testamentum
942 4078 982 4130 15.
998 4078 1056 4130 125.
1069 4077 1128 4129 163.
1140 4077 1200 4130 164.
1212 4078 1274 4129 212.

190 4140 295 4209 legibus
314 4158 370 4194 non
389 4146 518 4195 tenentur
537 4146 595 4199 189.

153 4214 246 4335 tepffli
260 4213 570 4338 167161112231113221
584 4217 603 4269 t.
618 4231 694 4267 man·

767 4150 828 4202 220.
847 4149 909 4202 221.
929 4149 990 4201 318.
1014 4149 1081 4212 3221
1107 4149 1127 4200 1.
1147 4162 1274 4198 conmen-

768 4216 833 4269 dare
843 4216 924 4269 alicui
935 4219 1000 4283 1031
1013 4217 1101 4270 aliena
1111 4221 1275 4269 testamenta

768 4288 938 4355 subprimere
975 4291 1042 4356 2201
1079 4291 1275 4342 testamentum
