<?xml version="1.0" encoding="UTF-8"?>
<!DOCTYPE html PUBLIC "-//W3C//DTD XHTML 1.0 Transitional//EN"
    "http://www.w3.org/TR/xhtml1/DTD/xhtml1-transitional.dtd">
<html xmlns="http://www.w3.org/1999/xhtml" xml:lang="en" lang="en">
 <head>
  <title>
</title>
<meta http-equiv="Content-Type" content="text/html;charset=utf-8" />
  <meta name='ocr-system' content='tesseract 3.04.00' />
  <meta name='ocr-capabilities' content='ocr_page ocr_carea ocr_par ocr_line ocrx_word'/>
</head>
<body>
  <div class='ocr_page' id='page_1' title='image "./fontesiurisgerm01unkngoog_0089.png"; bbox 0 0 3000 4934; ppageno 0'>
   <div class='ocr_carea' id='block_1_1' title="bbox 244 358 1178 429">
    <p class='ocr_par' dir='ltr' id='par_1_1' title="bbox 244 358 1178 429">
     <span class='ocr_line' id='line_1_1' title="bbox 244 358 1178 429; baseline 0.002 -12"><span class='ocrx_word' id='word_1_1' title='bbox 244 363 279 417; x_wconf 75' lang='lat' dir='ltr'><strong>dd</strong></span> <span class='ocrx_word' id='word_1_2' title='bbox 440 359 518 414; x_wconf 80' lang='lat' dir='ltr'><strong>LEX</strong></span> <span class='ocrx_word' id='word_1_3' title='bbox 536 358 652 417; x_wconf 81' lang='lat' dir='ltr'>VISIG.</span> <span class='ocrx_word' id='word_1_4' title='bbox 671 358 939 416; x_wconf 69' lang='lat' dir='ltr'><strong>Rnoonssvls&#39;o.</strong></span> <span class='ocrx_word' id='word_1_5' title='bbox 976 360 1055 429; x_wconf 86' lang='lat'><strong>11,1,</strong></span> <span class='ocrx_word' id='word_1_6' title='bbox 1074 365 1117 418; x_wconf 78' lang='lat'><strong>26.</strong></span> <span class='ocrx_word' id='word_1_7' title='bbox 1135 365 1178 418; x_wconf 81' lang='lat'><strong>27.</strong></span> 
     </span>
    </p>
   </div>
   <div class='ocr_carea' id='block_1_2' title="bbox 315 536 1304 597">
    <p class='ocr_par' dir='ltr' id='par_1_2' title="bbox 315 536 1304 597">
     <span class='ocr_line' id='line_1_2' title="bbox 315 536 1304 597; baseline 0.005 -5"><span class='ocrx_word' id='word_1_8' title='bbox 315 536 424 593; x_wconf 90' lang='lat' dir='ltr'>XXVI.</span> <span class='ocrx_word' id='word_1_9' title='bbox 455 537 624 594; x_wconf 81' lang='lat' dir='ltr'>FLAVIUS</span> <span class='ocrx_word' id='word_1_10' title='bbox 644 537 859 593; x_wconf 80' lang='lat' dir='ltr'>GLORIOSUS</span> <span class='ocrx_word' id='word_1_11' title='bbox 878 537 1187 595; x_wconf 82' lang='lat' dir='ltr'>REOOESSVINDUS</span> <span class='ocrx_word' id='word_1_12' title='bbox 1207 539 1304 597; x_wconf 79' lang='lat' dir='ltr'>REX.</span> 
     </span>
    </p>
   </div>
   <div class='ocr_carea' id='block_1_3' title="bbox 240 649 1383 2062">
    <p class='ocr_par' dir='ltr' id='par_1_3' title="bbox 243 649 1383 891">
     <span class='ocr_line' id='line_1_3' title="bbox 244 649 1383 734; baseline 0.003 -20"><span class='ocrx_word' id='word_1_13' title='bbox 244 649 300 714; x_wconf 85' lang='lat' dir='ltr'><strong>Ut</strong></span> <span class='ocrx_word' id='word_1_14' title='bbox 324 671 443 714; x_wconf 89' lang='lat' dir='ltr'><strong>omne</strong></span> <span class='ocrx_word' id='word_1_15' title='bbox 466 651 706 726; x_wconf 85' lang='lat' dir='ltr'><strong>vinculum,</strong></span> <span class='ocrx_word' id='word_1_16' title='bbox 731 651 843 732; x_wconf 92' lang='lat' dir='ltr'><strong>quod</strong></span> <span class='ocrx_word' id='word_1_17' title='bbox 865 654 964 734; x_wconf 92' lang='lat' dir='ltr'><strong>post</strong></span> <span class='ocrx_word' id='word_1_18' title='bbox 985 651 1132 713; x_wconf 90' lang='lat' dir='ltr'><strong>datum</strong></span> <span class='ocrx_word' id='word_1_19' title='bbox 1152 651 1383 716; x_wconf 92' lang='lat' dir='ltr'><strong>iniustum</strong></span> 
     </span>
     <span class='ocr_line' id='line_1_4' title="bbox 243 739 1382 816; baseline 0.005 -15"><span class='ocrx_word' id='word_1_20' title='bbox 243 739 457 803; x_wconf 92' lang='lat' dir='ltr'><strong>iudicium</strong></span> <span class='ocrx_word' id='word_1_21' title='bbox 481 761 502 803; x_wconf 92' lang='lat' dir='ltr'><strong>a</strong></span> <span class='ocrx_word' id='word_1_22' title='bbox 525 739 767 804; x_wconf 82' lang='lat' dir='ltr'><strong>causidicis</strong></span> <span class='ocrx_word' id='word_1_23' title='bbox 788 739 929 803; x_wconf 84' lang='lat' dir='ltr'><strong>fuerit</strong></span> <span class='ocrx_word' id='word_1_24' title='bbox 953 742 1186 816; x_wconf 62' lang='lat' dir='ltr'><strong>exactuml,</strong></span> <span class='ocrx_word' id='word_1_25' title='bbox 1213 741 1382 807; x_wconf 89' lang='lat' dir='ltr'><strong>habea·</strong></span> 
     </span>
     <span class='ocr_line' id='line_1_5' title="bbox 624 827 981 891; baseline 0 -2"><span class='ocrx_word' id='word_1_26' title='bbox 624 831 697 890; x_wconf 88' lang='lat' dir='ltr'><strong>tur</strong></span> <span class='ocrx_word' id='word_1_27' title='bbox 726 827 981 891; x_wconf 85' lang='lat' dir='ltr'><strong>invalidum.</strong></span> 
     </span>
    </p>

    <p class='ocr_par' dir='ltr' id='par_1_4' title="bbox 240 933 1379 2062">
     <span class='ocr_line' id='line_1_6' title="bbox 350 933 1379 1018; baseline 0.003 -20"><span class='ocrx_word' id='word_1_28' title='bbox 350 934 508 998; x_wconf 84' lang='lat' dir='ltr'><strong>Vidimus</strong></span> <span class='ocrx_word' id='word_1_29' title='bbox 543 934 718 998; x_wconf 89' lang='lat' dir='ltr'><strong>interdum</strong></span> <span class='ocrx_word' id='word_1_30' title='bbox 752 933 923 997; x_wconf 90' lang='lat' dir='ltr'><strong>iustitiam</strong></span> <span class='ocrx_word' id='word_1_31' title='bbox 957 933 1000 997; x_wconf 86' lang='lat' dir='ltr'><strong>ab</strong></span> <span class='ocrx_word' id='word_1_32' title='bbox 1033 934 1160 1018; x_wconf 89' lang='lat' dir='ltr'><strong>iniquis</strong></span> <span class='ocrx_word' id='word_1_33' title='bbox 1193 935 1379 1001; x_wconf 90' lang='lat' dir='ltr'><strong>iudicibus</strong></span> 
     </span>
     <span class='ocr_line' id='line_1_7' title="bbox 243 1015 1378 1106; baseline 0.002 -19"><span class='ocrx_word' id='word_1_34' title='bbox 243 1015 299 1087; x_wconf 68' lang='lat' dir='ltr'><strong>etl</strong></span> <span class='ocrx_word' id='word_1_35' title='bbox 320 1041 381 1086; x_wconf 90' lang='lat' dir='ltr'><strong>suo</strong></span> <span class='ocrx_word' id='word_1_36' title='bbox 404 1022 480 1086; x_wconf 93' lang='lat' dir='ltr'><strong>loco</strong></span> <span class='ocrx_word' id='word_1_37' title='bbox 500 1023 687 1087; x_wconf 76' lang='lat' dir='ltr'><strong>seclusam⁰</strong></span> <span class='ocrx_word' id='word_1_38' title='bbox 710 1025 745 1086; x_wconf 90' lang='lat' dir='ltr'><strong>et</strong></span> <span class='ocrx_word' id='word_1_39' title='bbox 761 1023 877 1086; x_wconf 87' lang='lat' dir='ltr'><strong>devito</strong></span> <span class='ocrx_word' id='word_1_40' title='bbox 892 1023 1010 1106; x_wconf 81' lang='lat' dir='ltr'><strong>vigore</strong></span> <span class='ocrx_word' id='word_1_41' title='bbox 1027 1017 1210 1100; x_wconf 64' lang='lat' dir='ltr'><strong>solutamd,</strong></span> <span class='ocrx_word' id='word_1_42' title='bbox 1235 1024 1378 1089; x_wconf 91' lang='lat' dir='ltr'><strong>iniusti-</strong></span> 
     </span>
     <span class='ocr_line' id='line_1_8' title="bbox 242 1105 1377 1179; baseline 0.005 -6"><span class='ocrx_word' id='word_1_43' title='bbox 242 1111 327 1174; x_wconf 90' lang='lat' dir='ltr'><strong>tiam</strong></span> <span class='ocrx_word' id='word_1_44' title='bbox 359 1114 475 1175; x_wconf 88' lang='lat' dir='ltr'><strong>autem</strong></span> <span class='ocrx_word' id='word_1_45' title='bbox 505 1115 541 1176; x_wconf 87' lang='lat' dir='ltr'><strong>et</strong></span> <span class='ocrx_word' id='word_1_46' title='bbox 570 1110 647 1176; x_wconf 90' lang='lat' dir='ltr'><strong>loco</strong></span> <span class='ocrx_word' id='word_1_47' title='bbox 677 1111 831 1176; x_wconf 89' lang='lat' dir='ltr'><strong>iustitiae</strong></span> <span class='ocrx_word' id='word_1_48' title='bbox 866 1111 1121 1176; x_wconf 79' lang='lat' dir='ltr'><strong>introductam⁰</strong></span> <span class='ocrx_word' id='word_1_49' title='bbox 1157 1105 1213 1177; x_wconf 72' lang='lat' dir='ltr'><strong>etf</strong></span> <span class='ocrx_word' id='word_1_50' title='bbox 1247 1114 1377 1179; x_wconf 90' lang='lat' dir='ltr'><strong>multis</strong></span> 
     </span>
     <span class='ocr_line' id='line_1_9' title="bbox 243 1199 1374 1284; baseline 0.004 -22"><span class='ocrx_word' id='word_1_51' title='bbox 243 1200 353 1263; x_wconf 87' lang='lat' dir='ltr'><strong>modis</strong></span> <span class='ocrx_word' id='word_1_52' title='bbox 384 1200 600 1265; x_wconf 87' lang='lat' dir='ltr'><strong>decretorum</strong></span> <span class='ocrx_word' id='word_1_53' title='bbox 628 1199 776 1265; x_wconf 81' lang='lat' dir='ltr'><strong>vinculis</strong></span> <span class='ocrx_word' id='word_1_54' title='bbox 811 1199 1025 1284; x_wconf 64' lang='lat' dir='ltr'><strong>alligatamss.</strong></span> <span class='ocrx_word' id='word_1_55' title='bbox 1080 1199 1229 1279; x_wconf 78' lang='lat' dir='ltr'><strong>Quidam</strong></span> <span class='ocrx_word' id='word_1_56' title='bbox 1263 1203 1374 1281; x_wconf 88' lang='lat' dir='ltr'><strong>enim,</strong></span> 
     </span>
     <span class='ocr_line' id='line_1_10' title="bbox 242 1281 1376 1372; baseline 0.003 -20"><span class='ocrx_word' id='word_1_57' title='bbox 242 1292 425 1372; x_wconf 72' lang='lat' dir='ltr'><strong>postquam</strong></span> <span class='ocrx_word' id='word_1_58' title='bbox 448 1289 577 1354; x_wconf 89' lang='lat' dir='ltr'><strong>iudicia</strong></span> <span class='ocrx_word' id='word_1_59' title='bbox 599 1281 750 1352; x_wconf 83' lang='lat' dir='ltr'><strong>iniustah</strong></span> <span class='ocrx_word' id='word_1_60' title='bbox 777 1289 1051 1372; x_wconf 79' lang='lat' dir='ltr'><strong>conscripserint,</strong></span> <span class='ocrx_word' id='word_1_61' title='bbox 1083 1292 1144 1352; x_wconf 90' lang='lat' dir='ltr'><strong>aut</strong></span> <span class='ocrx_word' id='word_1_62' title='bbox 1171 1310 1278 1353; x_wconf 90' lang='lat' dir='ltr'><strong>unam</strong></span> <span class='ocrx_word' id='word_1_63' title='bbox 1309 1296 1376 1356; x_wconf 89' lang='lat' dir='ltr'><strong>aut</strong></span> 
     </span>
     <span class='ocr_line' id='line_1_11' title="bbox 243 1375 1366 1462; baseline 0.003 -21"><span class='ocrx_word' id='word_1_64' title='bbox 243 1378 360 1442; x_wconf 90' lang='lat' dir='ltr'><strong>ambas</strong></span> <span class='ocrx_word' id='word_1_65' title='bbox 391 1379 607 1443; x_wconf 74' lang='lat' dir='ltr'><strong>causantium</strong></span> <span class='ocrx_word' id='word_1_66' title='bbox 637 1381 753 1462; x_wconf 88' lang='lat' dir='ltr'><strong>partes</strong></span> <span class='ocrx_word' id='word_1_67' title='bbox 783 1377 991 1462; x_wconf 89' lang='lat' dir='ltr'><strong>placitorum</strong></span> <span class='ocrx_word' id='word_1_68' title='bbox 1019 1378 1111 1442; x_wconf 88' lang='lat' dir='ltr'><strong>inter</strong></span> <span class='ocrx_word' id='word_1_69' title='bbox 1137 1398 1172 1442; x_wconf 93' lang='lat' dir='ltr'><strong>se</strong></span> <span class='ocrx_word' id='word_1_70' title='bbox 1195 1375 1366 1444; x_wconf 83' lang='lat' dir='ltr'><strong>nexibus¹</strong></span> 
     </span>
     <span class='ocr_line' id='line_1_12' title="bbox 242 1461 1373 1551; baseline 0.004 -23"><span class='ocrx_word' id='word_1_71' title='bbox 242 1465 363 1549; x_wconf 85' lang='lat' dir='ltr'><strong>ligant,</strong></span> <span class='ocrx_word' id='word_1_72' title='bbox 388 1488 431 1530; x_wconf 93' lang='lat' dir='ltr'><strong>ne</strong></span> <span class='ocrx_word' id='word_1_73' title='bbox 454 1468 582 1531; x_wconf 91' lang='lat' dir='ltr'><strong>iniuste</strong></span> <span class='ocrx_word' id='word_1_74' title='bbox 602 1467 723 1530; x_wconf 91' lang='lat' dir='ltr'><strong>datum</strong></span> <span class='ocrx_word' id='word_1_75' title='bbox 738 1466 906 1531; x_wconf 92' lang='lat' dir='ltr'><strong>iudicium</strong></span> <span class='ocrx_word' id='word_1_76' title='bbox 921 1467 1126 1551; x_wconf 86' lang='lat' dir='ltr'><strong>quandoque</strong></span> <span class='ocrx_word' id='word_1_77' title='bbox 1149 1461 1263 1530; x_wconf 78' lang='lat' dir='ltr'><strong>iustak</strong></span> <span class='ocrx_word' id='word_1_78' title='bbox 1292 1490 1373 1533; x_wconf 93' lang='lat' dir='ltr'><strong>con·</strong></span> 
     </span>
     <span class='ocr_line' id='line_1_13' title="bbox 241 1554 1373 1640; baseline 0.005 -24"><span class='ocrx_word' id='word_1_79' title='bbox 241 1556 397 1619; x_wconf 84' lang='lat' dir='ltr'><strong>tentione</strong></span> <span class='ocrx_word' id='word_1_80' title='bbox 421 1555 605 1618; x_wconf 80' lang='lat' dir='ltr'><strong>resolvant.</strong></span> <span class='ocrx_word' id='word_1_81' title='bbox 641 1554 748 1630; x_wconf 89' lang='lat' dir='ltr'><strong>Adeo,</strong></span> <span class='ocrx_word' id='word_1_82' title='bbox 773 1555 834 1618; x_wconf 88' lang='lat' dir='ltr'><strong>ubi</strong></span> <span class='ocrx_word' id='word_1_83' title='bbox 853 1575 924 1618; x_wconf 92' lang='lat' dir='ltr'><strong>non</strong></span> <span class='ocrx_word' id='word_1_84' title='bbox 940 1555 1092 1620; x_wconf 88' lang='lat' dir='ltr'><strong>directus</strong></span> <span class='ocrx_word' id='word_1_85' title='bbox 1116 1560 1151 1620; x_wconf 87' lang='lat' dir='ltr'><strong>et</strong></span> <span class='ocrx_word' id='word_1_86' title='bbox 1174 1556 1373 1640; x_wconf 88' lang='lat' dir='ltr'><strong>beneplaci-</strong></span> 
     </span>
     <span class='ocr_line' id='line_1_14' title="bbox 240 1636 1373 1729; baseline 0.007 -26"><span class='ocrx_word' id='word_1_87' title='bbox 240 1636 315 1704; x_wconf 88' lang='lat' dir='ltr'><strong>tus¹</strong></span> <span class='ocrx_word' id='word_1_88' title='bbox 347 1646 399 1705; x_wconf 91' lang='lat' dir='ltr'><strong>est</strong></span> <span class='ocrx_word' id='word_1_89' title='bbox 426 1643 664 1706; x_wconf 80' lang='lat' dir='ltr'><strong>conuenientie</strong></span> <span class='ocrx_word' id='word_1_90' title='bbox 694 1643 825 1721; x_wconf 86' lang='lat' dir='ltr'><strong>modus,</strong></span> <span class='ocrx_word' id='word_1_91' title='bbox 858 1643 918 1706; x_wconf 92' lang='lat' dir='ltr'><strong>sed</strong></span> <span class='ocrx_word' id='word_1_92' title='bbox 945 1645 1007 1708; x_wconf 88' lang='lat' dir='ltr'><strong>ubi</strong></span> <span class='ocrx_word' id='word_1_93' title='bbox 1034 1665 1096 1728; x_wconf 88' lang='lat' dir='ltr'><strong>pro</strong></span> <span class='ocrx_word' id='word_1_94' title='bbox 1120 1645 1373 1729; x_wconf 89' lang='lat' dir='ltr'><strong>conprimenda</strong></span> 
     </span>
     <span class='ocr_line' id='line_1_15' title="bbox 240 1730 1371 1818; baseline 0.008 -27"><span class='ocrx_word' id='word_1_95' title='bbox 240 1730 331 1793; x_wconf 90' lang='lat' dir='ltr'><strong>iuste</strong></span> <span class='ocrx_word' id='word_1_96' title='bbox 362 1734 574 1795; x_wconf 85' lang='lat' dir='ltr'><strong>causantesm</strong></span> <span class='ocrx_word' id='word_1_97' title='bbox 603 1731 797 1795; x_wconf 87' lang='lat' dir='ltr'><strong>intentione</strong></span> <span class='ocrx_word' id='word_1_98' title='bbox 819 1732 876 1796; x_wconf 83' lang='lat' dir='ltr'><strong>vel</strong></span> <span class='ocrx_word' id='word_1_99' title='bbox 899 1752 981 1797; x_wconf 85' lang='lat' dir='ltr'><strong>voce</strong></span> <span class='ocrx_word' id='word_1_100' title='bbox 1011 1734 1256 1817; x_wconf 88' lang='lat' dir='ltr'><strong>repperiuntur</strong></span> <span class='ocrx_word' id='word_1_101' title='bbox 1287 1755 1371 1818; x_wconf 91' lang='lat' dir='ltr'><strong>quo·</strong></span> 
     </span>
     <span class='ocr_line' id='line_1_16' title="bbox 242 1819 1371 1906; baseline 0.004 -24"><span class='ocrx_word' id='word_1_102' title='bbox 242 1839 387 1902; x_wconf 88' lang='lat' dir='ltr'><strong>cumque</strong></span> <span class='ocrx_word' id='word_1_103' title='bbox 417 1819 558 1882; x_wconf 91' lang='lat' dir='ltr'><strong>modum</strong></span> <span class='ocrx_word' id='word_1_104' title='bbox 586 1819 849 1884; x_wconf 83' lang='lat' dir='ltr'><strong>definitionumn</strong></span> <span class='ocrx_word' id='word_1_105' title='bbox 874 1821 1014 1885; x_wconf 82' lang='lat' dir='ltr'><strong>vincula</strong></span> <span class='ocrx_word' id='word_1_106' title='bbox 1045 1822 1228 1906; x_wconf 85' lang='lat' dir='ltr'><strong>conligata,</strong></span> <span class='ocrx_word' id='word_1_107' title='bbox 1260 1825 1371 1888; x_wconf 92' lang='lat' dir='ltr'><strong>omni·</strong></span> 
     </span>
     <span class='ocr_line' id='line_1_17' title="bbox 241 1908 1371 1978; baseline 0.007 -8"><span class='ocrx_word' id='word_1_108' title='bbox 241 1908 350 1971; x_wconf 90' lang='lat' dir='ltr'><strong>modis</strong></span> <span class='ocrx_word' id='word_1_109' title='bbox 374 1908 569 1972; x_wconf 88' lang='lat' dir='ltr'><strong>habeantur</strong></span> <span class='ocrx_word' id='word_1_110' title='bbox 588 1909 741 1972; x_wconf 86' lang='lat' dir='ltr'><strong>invalida</strong></span> <span class='ocrx_word' id='word_1_111' title='bbox 764 1930 827 1974; x_wconf 90' lang='lat' dir='ltr'><strong>nec</strong></span> <span class='ocrx_word' id='word_1_112' title='bbox 851 1910 921 1973; x_wconf 92' lang='lat' dir='ltr'><strong>sint</strong></span> <span class='ocrx_word' id='word_1_113' title='bbox 945 1911 1198 1976; x_wconf 89' lang='lat' dir='ltr'><strong>adinventionis</strong></span> <span class='ocrx_word' id='word_1_114' title='bbox 1217 1911 1371 1978; x_wconf 89' lang='lat' dir='ltr'><strong>alicuius</strong></span> 
     </span>
     <span class='ocr_line' id='line_1_18' title="bbox 241 1998 596 2062; baseline 0.003 -2"><span class='ocrx_word' id='word_1_115' title='bbox 241 1998 427 2062; x_wconf 85' lang='lat' dir='ltr'><strong>conexione</strong></span> <span class='ocrx_word' id='word_1_116' title='bbox 451 1998 596 2062; x_wconf 89' lang='lat' dir='ltr'><strong>firmata.</strong></span> 
     </span>
    </p>
   </div>
   <div class='ocr_carea' id='block_1_4' title="bbox 305 2186 1298 2248">
    <p class='ocr_par' dir='ltr' id='par_1_5' title="bbox 305 2186 1298 2248">
     <span class='ocr_line' id='line_1_19' title="bbox 305 2186 1298 2248; baseline 0.007 -7"><span class='ocrx_word' id='word_1_117' title='bbox 305 2186 429 2244; x_wconf 80' lang='lat' dir='ltr'>XXVII.</span> <span class='ocrx_word' id='word_1_118' title='bbox 460 2186 628 2243; x_wconf 79' lang='lat' dir='ltr'>FLAVIUS</span> <span class='ocrx_word' id='word_1_119' title='bbox 648 2187 863 2244; x_wconf 82' lang='lat' dir='ltr'>GLORIOSUS</span> <span class='ocrx_word' id='word_1_120' title='bbox 882 2187 1190 2244; x_wconf 77' lang='lat' dir='ltr'>REOOESSVINDUS</span> <span class='ocrx_word' id='word_1_121' title='bbox 1209 2187 1298 2248; x_wconf 81' lang='lat' dir='ltr'>REX.</span> 
     </span>
    </p>
   </div>
   <div class='ocr_carea' id='block_1_5' title="bbox 239 2298 1368 2540">
    <p class='ocr_par' dir='ltr' id='par_1_6' title="bbox 239 2298 1368 2540">
     <span class='ocr_line' id='line_1_20' title="bbox 240 2298 1366 2383; baseline 0.008 -23"><span class='ocrx_word' id='word_1_122' title='bbox 240 2298 296 2361; x_wconf 91' lang='lat' dir='ltr'><strong>Ut</strong></span> <span class='ocrx_word' id='word_1_123' title='bbox 330 2299 570 2362; x_wconf 72' lang='lat' dir='ltr'><strong>iniustuma</strong></span> <span class='ocrx_word' id='word_1_124' title='bbox 608 2299 822 2364; x_wconf 88' lang='lat' dir='ltr'><strong>iudicium</strong></span> <span class='ocrx_word' id='word_1_125' title='bbox 858 2304 900 2364; x_wconf 93' lang='lat' dir='ltr'><strong>et</strong></span> <span class='ocrx_word' id='word_1_126' title='bbox 933 2301 1147 2366; x_wconf 84' lang='lat' dir='ltr'><strong>definitio</strong></span> <span class='ocrx_word' id='word_1_127' title='bbox 1182 2304 1366 2383; x_wconf 90' lang='lat' dir='ltr'><strong>iniusta,</strong></span> 
     </span>
     <span class='ocr_line' id='line_1_21' title="bbox 239 2386 1368 2470; baseline 0.01 -23"><span class='ocrx_word' id='word_1_128' title='bbox 239 2387 361 2470; x_wconf 85' lang='lat' dir='ltr'><strong>regio</strong></span> <span class='ocrx_word' id='word_1_129' title='bbox 382 2390 497 2449; x_wconf 86' lang='lat' dir='ltr'><strong>metu</strong></span> <span class='ocrx_word' id='word_1_130' title='bbox 517 2386 586 2450; x_wconf 85' lang='lat' dir='ltr'><strong>vel</strong></span> <span class='ocrx_word' id='word_1_131' title='bbox 607 2388 729 2450; x_wconf 89' lang='lat' dir='ltr'><strong>iussu</strong></span> <span class='ocrx_word' id='word_1_132' title='bbox 751 2410 771 2451; x_wconf 93' lang='lat' dir='ltr'><strong>a</strong></span> <span class='ocrx_word' id='word_1_133' title='bbox 790 2389 1016 2453; x_wconf 89' lang='lat' dir='ltr'><strong>iudicibus</strong></span> <span class='ocrx_word' id='word_1_134' title='bbox 1037 2391 1256 2470; x_wconf 89' lang='lat' dir='ltr'><strong>ordinata,</strong></span> <span class='ocrx_word' id='word_1_135' title='bbox 1279 2415 1368 2458; x_wconf 92' lang='lat' dir='ltr'><strong>non</strong></span> 
     </span>
     <span class='ocr_line' id='line_1_22' title="bbox 699 2477 888 2540; baseline 0 -1"><span class='ocrx_word' id='word_1_136' title='bbox 699 2477 888 2540; x_wconf 85' lang='lat' dir='ltr'><strong>valeant.</strong></span> 
     </span>
    </p>
   </div>
   <div class='ocr_carea' id='block_1_6' title="bbox 236 2576 1399 3820">
    <p class='ocr_par' dir='ltr' id='par_1_7' title="bbox 236 2576 1399 3820">
     <span class='ocr_line' id='line_1_23' title="bbox 346 2576 1366 2671; baseline 0.01 -28"><span class='ocrx_word' id='word_1_137' title='bbox 346 2581 614 2664; x_wconf 89' lang='lat' dir='ltr'><strong>Nonnumquam</strong></span> <span class='ocrx_word' id='word_1_138' title='bbox 644 2576 814 2665; x_wconf 70' lang='lat' dir='ltr'><strong>gravedob</strong></span> <span class='ocrx_word' id='word_1_139' title='bbox 841 2586 1024 2667; x_wconf 87' lang='lat' dir='ltr'><strong>potestatis</strong></span> <span class='ocrx_word' id='word_1_140' title='bbox 1056 2587 1242 2671; x_wconf 84' lang='lat' dir='ltr'><strong>depravare</strong></span> <span class='ocrx_word' id='word_1_141' title='bbox 1273 2589 1366 2654; x_wconf 89' lang='lat' dir='ltr'><strong>solet</strong></span> 
     </span>
     <span class='ocr_line' id='line_1_24' title="bbox 238 2669 1361 2760; baseline 0.008 -28"><span class='ocrx_word' id='word_1_142' title='bbox 238 2669 373 2732; x_wconf 88' lang='lat' dir='ltr'><strong>iustitia</strong></span> <span class='ocrx_word' id='word_1_143' title='bbox 396 2670 551 2748; x_wconf 87' lang='lat' dir='ltr'><strong>actionis,</strong></span> <span class='ocrx_word' id='word_1_144' title='bbox 575 2692 651 2754; x_wconf 88' lang='lat' dir='ltr'><strong>que,</strong></span> <span class='ocrx_word' id='word_1_145' title='bbox 677 2672 760 2734; x_wconf 93' lang='lat' dir='ltr'><strong>dum</strong></span> <span class='ocrx_word' id='word_1_146' title='bbox 784 2677 882 2756; x_wconf 79' lang='lat' dir='ltr'><strong>sepe⁰</strong></span> <span class='ocrx_word' id='word_1_147' title='bbox 911 2674 1014 2752; x_wconf 85' lang='lat' dir='ltr'><strong>valet,</strong></span> <span class='ocrx_word' id='word_1_148' title='bbox 1040 2679 1134 2740; x_wconf 89' lang='lat' dir='ltr'><strong>certo</strong></span> <span class='ocrx_word' id='word_1_149' title='bbox 1159 2680 1219 2755; x_wconf 90' lang='lat' dir='ltr'><strong>est,</strong></span> <span class='ocrx_word' id='word_1_150' title='bbox 1244 2674 1361 2760; x_wconf 82' lang='lat' dir='ltr'><strong>quodd</strong></span> 
     </span>
     <span class='ocr_line' id='line_1_25' title="bbox 238 2760 1365 2850; baseline 0.009 -29"><span class='ocrx_word' id='word_1_151' title='bbox 238 2778 372 2841; x_wconf 87' lang='lat' dir='ltr'><strong>semper</strong></span> <span class='ocrx_word' id='word_1_152' title='bbox 404 2762 522 2836; x_wconf 89' lang='lat' dir='ltr'><strong>nocet;</strong></span> <span class='ocrx_word' id='word_1_153' title='bbox 558 2760 673 2844; x_wconf 75' lang='lat' dir='ltr'><strong>quia0,</strong></span> <span class='ocrx_word' id='word_1_154' title='bbox 710 2760 792 2823; x_wconf 92' lang='lat' dir='ltr'><strong>dum</strong></span> <span class='ocrx_word' id='word_1_155' title='bbox 822 2763 1022 2845; x_wconf 83' lang='lat' dir='ltr'><strong>frequenter</strong></span> <span class='ocrx_word' id='word_1_156' title='bbox 1051 2765 1169 2848; x_wconf 86' lang='lat' dir='ltr'><strong>vigore</strong></span> <span class='ocrx_word' id='word_1_157' title='bbox 1199 2767 1365 2850; x_wconf 89' lang='lat' dir='ltr'><strong>ponderis</strong></span> 
     </span>
     <span class='ocr_line' id='line_1_26' title="bbox 238 2846 1365 2933; baseline 0.011 -25"><span class='ocrx_word' id='word_1_158' title='bbox 238 2847 408 2910; x_wconf 87' lang='lat' dir='ltr'><strong>iustitiam</strong></span> <span class='ocrx_word' id='word_1_159' title='bbox 438 2848 572 2931; x_wconf 87' lang='lat' dir='ltr'><strong>premit,</strong></span> <span class='ocrx_word' id='word_1_160' title='bbox 604 2871 792 2933; x_wconf 89' lang='lat' dir='ltr'><strong>numquam</strong></span> <span class='ocrx_word' id='word_1_161' title='bbox 822 2851 858 2913; x_wconf 91' lang='lat' dir='ltr'><strong>in</strong></span> <span class='ocrx_word' id='word_1_162' title='bbox 888 2846 1018 2915; x_wconf 80' lang='lat' dir='ltr'><strong>istatuf</strong></span> <span class='ocrx_word' id='word_1_163' title='bbox 1052 2873 1111 2918; x_wconf 89' lang='lat' dir='ltr'><strong>sue</strong></span> <span class='ocrx_word' id='word_1_164' title='bbox 1142 2856 1365 2920; x_wconf 86' lang='lat' dir='ltr'><strong>rectitudinis</strong></span> 
     </span>
     <span class='ocr_line' id='line_1_27' title="bbox 238 2936 1365 3027; baseline 0.009 -30"><span class='ocrx_word' id='word_1_165' title='bbox 238 2936 328 3000; x_wconf 90' lang='lat' dir='ltr'><strong>hanc</strong></span> <span class='ocrx_word' id='word_1_166' title='bbox 358 2937 469 3001; x_wconf 84' lang='lat' dir='ltr'><strong>redire</strong></span> <span class='ocrx_word' id='word_1_167' title='bbox 499 2938 682 3021; x_wconf 87' lang='lat' dir='ltr'><strong>permittit.</strong></span> <span class='ocrx_word' id='word_1_168' title='bbox 730 2939 892 3023; x_wconf 79' lang='lat' dir='ltr'><strong>Ideoque,</strong></span> <span class='ocrx_word' id='word_1_169' title='bbox 925 2943 1006 3025; x_wconf 88' lang='lat' dir='ltr'><strong>quia</strong></span> <span class='ocrx_word' id='word_1_170' title='bbox 1033 2948 1140 3026; x_wconf 79' lang='lat' dir='ltr'><strong>sepeg</strong></span> <span class='ocrx_word' id='word_1_171' title='bbox 1166 2944 1365 3027; x_wconf 88' lang='lat' dir='ltr'><strong>principum</strong></span> 
     </span>
     <span class='ocr_line' id='line_1_28' title="bbox 238 3024 1365 3110; baseline 0.008 -23"><span class='ocrx_word' id='word_1_172' title='bbox 238 3028 334 3088; x_wconf 86' lang='lat' dir='ltr'><strong>metu</strong></span> <span class='ocrx_word' id='word_1_173' title='bbox 361 3024 417 3090; x_wconf 83' lang='lat' dir='ltr'><strong>vel</strong></span> <span class='ocrx_word' id='word_1_174' title='bbox 446 3025 542 3089; x_wconf 90' lang='lat' dir='ltr'><strong>iussu</strong></span> <span class='ocrx_word' id='word_1_175' title='bbox 572 3026 685 3092; x_wconf 89' lang='lat' dir='ltr'><strong>solent</strong></span> <span class='ocrx_word' id='word_1_176' title='bbox 714 3028 845 3093; x_wconf 88' lang='lat' dir='ltr'><strong>iudices</strong></span> <span class='ocrx_word' id='word_1_177' title='bbox 875 3030 1052 3094; x_wconf 87' lang='lat' dir='ltr'><strong>interdum</strong></span> <span class='ocrx_word' id='word_1_178' title='bbox 1082 3032 1228 3110; x_wconf 88' lang='lat' dir='ltr'><strong>iustitie,</strong></span> <span class='ocrx_word' id='word_1_179' title='bbox 1260 3033 1365 3097; x_wconf 89' lang='lat' dir='ltr'><strong>inter-</strong></span> 
     </span>
     <span class='ocr_line' id='line_1_29' title="bbox 238 3107 1399 3212; baseline 0.009 -36"><span class='ocrx_word' id='word_1_180' title='bbox 238 3107 341 3177; x_wconf 84' lang='lat' dir='ltr'><strong>dumh</strong></span> <span class='ocrx_word' id='word_1_181' title='bbox 364 3115 499 3199; x_wconf 86' lang='lat' dir='ltr'><strong>legibus</strong></span> <span class='ocrx_word' id='word_1_182' title='bbox 516 3110 709 3180; x_wconf 84' lang='lat' dir='ltr'><strong>contrariah</strong></span> <span class='ocrx_word' id='word_1_183' title='bbox 729 3117 891 3196; x_wconf 85' lang='lat' dir='ltr'><strong>iudicare,</strong></span> <span class='ocrx_word' id='word_1_184' title='bbox 916 3124 1058 3204; x_wconf 88' lang='lat' dir='ltr'><strong>propter</strong></span> <span class='ocrx_word' id='word_1_185' title='bbox 1082 3122 1147 3186; x_wconf 91' lang='lat' dir='ltr'><strong>hoc</strong></span> <span class='ocrx_word' id='word_1_186' title='bbox 1170 3122 1364 3204; x_wconf 88' lang='lat' dir='ltr'><strong>tranquilli·</strong></span> <span class='ocrx_word' id='word_1_187' title='bbox 1395 3207 1399 3212; x_wconf 20' lang='grc' dir='ltr'>ι</span> 
     </span>
     <span class='ocr_line' id='line_1_30' title="bbox 236 3203 1362 3274; baseline 0.006 -8"><span class='ocrx_word' id='word_1_188' title='bbox 236 3203 320 3267; x_wconf 90' lang='lat' dir='ltr'><strong>tatis</strong></span> <span class='ocrx_word' id='word_1_189' title='bbox 351 3208 468 3269; x_wconf 89' lang='lat' dir='ltr'><strong>nostre</strong></span> <span class='ocrx_word' id='word_1_190' title='bbox 498 3226 568 3269; x_wconf 93' lang='lat' dir='ltr'><strong>unc</strong></span> <span class='ocrx_word' id='word_1_191' title='bbox 599 3207 825 3272; x_wconf 89' lang='lat' dir='ltr'><strong>medicamine</strong></span> <span class='ocrx_word' id='word_1_192' title='bbox 856 3210 1075 3273; x_wconf 88' lang='lat' dir='ltr'><strong>concedimus</strong></span> <span class='ocrx_word' id='word_1_193' title='bbox 1107 3211 1174 3273; x_wconf 92' lang='lat' dir='ltr'><strong>duo</strong></span> <span class='ocrx_word' id='word_1_194' title='bbox 1199 3211 1290 3273; x_wconf 90' lang='lat' dir='ltr'><strong>mala</strong></span> <span class='ocrx_word' id='word_1_195' title='bbox 1314 3232 1362 3274; x_wconf 92' lang='lat' dir='ltr'><strong>sa·</strong></span> 
     </span>
     <span class='ocr_line' id='line_1_31' title="bbox 236 3293 1363 3380; baseline 0.006 -26"><span class='ocrx_word' id='word_1_196' title='bbox 236 3313 333 3372; x_wconf 89' lang='lat' dir='ltr'><strong>nare,</strong></span> <span class='ocrx_word' id='word_1_197' title='bbox 366 3295 603 3374; x_wconf 82' lang='lat' dir='ltr'><strong>decernentes,</strong></span> <span class='ocrx_word' id='word_1_198' title='bbox 636 3301 689 3374; x_wconf 86' lang='lat' dir='ltr'><strong>ut,</strong></span> <span class='ocrx_word' id='word_1_199' title='bbox 723 3318 800 3361; x_wconf 90' lang='lat' dir='ltr'><strong>cum</strong></span> <span class='ocrx_word' id='word_1_200' title='bbox 830 3293 1024 3380; x_wconf 80' lang='lat' dir='ltr'><strong>repertumi</strong></span> <span class='ocrx_word' id='word_1_201' title='bbox 1055 3299 1176 3373; x_wconf 83' lang='lat' dir='ltr'><strong>fuerit,</strong></span> <span class='ocrx_word' id='word_1_202' title='bbox 1213 3299 1363 3380; x_wconf 90' lang='lat' dir='ltr'><strong>qualem-</strong></span> 
     </span>
     <span class='ocr_line' id='line_1_32' title="bbox 238 3378 1362 3469; baseline 0.003 -23"><span class='ocrx_word' id='word_1_203' title='bbox 238 3403 383 3467; x_wconf 91' lang='lat' dir='ltr'><strong>cumque</strong></span> <span class='ocrx_word' id='word_1_204' title='bbox 408 3378 599 3468; x_wconf 82' lang='lat' dir='ltr'><strong>scripturek</strong></span> <span class='ocrx_word' id='word_1_205' title='bbox 619 3389 834 3449; x_wconf 86' lang='lat' dir='ltr'><strong>contractum</strong></span> <span class='ocrx_word' id='word_1_206' title='bbox 858 3405 918 3448; x_wconf 86' lang='lat' dir='ltr'><strong>seu</strong></span> <span class='ocrx_word' id='word_1_207' title='bbox 939 3387 1177 3469; x_wconf 88' lang='lat' dir='ltr'><strong>quodcumque</strong></span> <span class='ocrx_word' id='word_1_208' title='bbox 1194 3387 1362 3449; x_wconf 84' lang='lat' dir='ltr'><strong>iudicium</strong></span> 
     </span>
     <span class='ocr_line' id='line_1_33' title="bbox 236 3472 1362 3557; baseline -0.002 -24"><span class='ocrx_word' id='word_1_209' title='bbox 236 3492 307 3534; x_wconf 95' lang='lat' dir='ltr'><strong>non</strong></span> <span class='ocrx_word' id='word_1_210' title='bbox 329 3473 464 3537; x_wconf 87' lang='lat' dir='ltr'><strong>iustitia</strong></span> <span class='ocrx_word' id='word_1_211' title='bbox 486 3472 542 3537; x_wconf 86' lang='lat' dir='ltr'><strong>vel</strong></span> <span class='ocrx_word' id='word_1_212' title='bbox 566 3473 692 3537; x_wconf 89' lang='lat' dir='ltr'><strong>debitis</strong></span> <span class='ocrx_word' id='word_1_213' title='bbox 715 3473 859 3557; x_wconf 84' lang='lat' dir='ltr'><strong>legibus,</strong></span> <span class='ocrx_word' id='word_1_214' title='bbox 886 3473 945 3535; x_wconf 92' lang='lat' dir='ltr'><strong>sed</strong></span> <span class='ocrx_word' id='word_1_215' title='bbox 969 3474 1064 3535; x_wconf 90' lang='lat' dir='ltr'><strong>iussu</strong></span> <span class='ocrx_word' id='word_1_216' title='bbox 1084 3475 1144 3534; x_wconf 89' lang='lat' dir='ltr'><strong>aut</strong></span> <span class='ocrx_word' id='word_1_217' title='bbox 1160 3474 1256 3532; x_wconf 90' lang='lat' dir='ltr'><strong>metu</strong></span> <span class='ocrx_word' id='word_1_218' title='bbox 1272 3472 1362 3551; x_wconf 85' lang='lat' dir='ltr'><strong>prin-</strong></span> 
     </span>
     <span class='ocr_line' id='line_1_34' title="bbox 237 3557 1361 3642; baseline -0.001 -19"><span class='ocrx_word' id='word_1_219' title='bbox 237 3560 353 3642; x_wconf 89' lang='lat' dir='ltr'><strong>cipum</strong></span> <span class='ocrx_word' id='word_1_220' title='bbox 377 3582 449 3625; x_wconf 89' lang='lat' dir='ltr'><strong>esse</strong></span> <span class='ocrx_word' id='word_1_221' title='bbox 474 3561 680 3635; x_wconf 83' lang='lat' dir='ltr'><strong>confectum,</strong></span> <span class='ocrx_word' id='word_1_222' title='bbox 707 3563 742 3624; x_wconf 93' lang='lat' dir='ltr'><strong>et</strong></span> <span class='ocrx_word' id='word_1_223' title='bbox 765 3562 840 3635; x_wconf 88' lang='lat' dir='ltr'><strong>hoc,</strong></span> <span class='ocrx_word' id='word_1_224' title='bbox 865 3560 958 3640; x_wconf 92' lang='lat' dir='ltr'><strong>quod</strong></span> <span class='ocrx_word' id='word_1_225' title='bbox 982 3558 1121 3622; x_wconf 78' lang='lat' dir='ltr'><strong>obvium</strong></span> <span class='ocrx_word' id='word_1_226' title='bbox 1149 3557 1281 3619; x_wconf 90' lang='lat' dir='ltr'><strong>iustitie</strong></span> <span class='ocrx_word' id='word_1_227' title='bbox 1305 3559 1361 3622; x_wconf 85' lang='lat' dir='ltr'><strong>vel</strong></span> 
     </span>
     <span class='ocr_line' id='line_1_35' title="bbox 236 3639 1361 3730; baseline 0.002 -21"><span class='ocrx_word' id='word_1_228' title='bbox 236 3646 371 3730; x_wconf 83' lang='lat' dir='ltr'><strong>legibus</strong></span> <span class='ocrx_word' id='word_1_229' title='bbox 401 3649 594 3711; x_wconf 90' lang='lat' dir='ltr'><strong>iudicatum</strong></span> <span class='ocrx_word' id='word_1_230' title='bbox 624 3651 676 3711; x_wconf 88' lang='lat' dir='ltr'><strong>est</strong></span> <span class='ocrx_word' id='word_1_231' title='bbox 707 3647 818 3729; x_wconf 89' lang='lat' dir='ltr'><strong>adque</strong></span> <span class='ocrx_word' id='word_1_232' title='bbox 849 3639 1082 3724; x_wconf 87' lang='lat' dir='ltr'><strong>concretum¹,</strong></span> <span class='ocrx_word' id='word_1_233' title='bbox 1114 3647 1152 3709; x_wconf 94' lang='lat' dir='ltr'><strong>in</strong></span> <span class='ocrx_word' id='word_1_234' title='bbox 1174 3645 1284 3709; x_wconf 92' lang='lat' dir='ltr'><strong>nihilo</strong></span> <span class='ocrx_word' id='word_1_235' title='bbox 1313 3668 1361 3712; x_wconf 88' lang='lat' dir='ltr'><strong>re-</strong></span> 
     </span>
     <span class='ocr_line' id='line_1_36' title="bbox 237 3733 1361 3820; baseline 0.003 -22"><span class='ocrx_word' id='word_1_236' title='bbox 237 3735 358 3812; x_wconf 73' lang='lat' dir='ltr'><strong>deatm,</strong></span> <span class='ocrx_word' id='word_1_237' title='bbox 391 3738 426 3798; x_wconf 89' lang='lat' dir='ltr'><strong>et</strong></span> <span class='ocrx_word' id='word_1_238' title='bbox 456 3754 523 3812; x_wconf 92' lang='lat' dir='ltr'><strong>eos,</strong></span> <span class='ocrx_word' id='word_1_239' title='bbox 555 3735 614 3816; x_wconf 91' lang='lat' dir='ltr'><strong>qui</strong></span> <span class='ocrx_word' id='word_1_240' title='bbox 644 3734 911 3798; x_wconf 81' lang='lat' dir='ltr'><strong>iudicaveruntn</strong></span> <span class='ocrx_word' id='word_1_241' title='bbox 937 3733 993 3798; x_wconf 84' lang='lat' dir='ltr'><strong>vel</strong></span> <span class='ocrx_word' id='word_1_242' title='bbox 1023 3735 1089 3799; x_wconf 94' lang='lat' dir='ltr'><strong>hoc</strong></span> <span class='ocrx_word' id='word_1_243' title='bbox 1119 3735 1234 3800; x_wconf 80' lang='lat' dir='ltr'><strong>iacere</strong></span> <span class='ocrx_word' id='word_1_244' title='bbox 1266 3757 1361 3820; x_wconf 82' lang='lat' dir='ltr'><strong>coge-</strong></span> 
     </span>
    </p>
   </div>
   <div class='ocr_carea' id='block_1_7' title="bbox 234 3924 1363 4394">
    <p class='ocr_par' dir='ltr' id='par_1_8' title="bbox 236 3924 1363 4134">
     <span class='ocr_line' id='line_1_37' title="bbox 342 3924 1359 3980; baseline 0.001 -15"><span class='ocrx_word' id='word_1_245' title='bbox 342 3925 421 3968; x_wconf 85' lang='lat' dir='ltr'>XXVI.</span> <span class='ocrx_word' id='word_1_246' title='bbox 461 3926 484 3974; x_wconf 76' lang='lat' dir='ltr'><strong>a)</strong></span> <span class='ocrx_word' id='word_1_247' title='bbox 498 3924 637 3974; x_wconf 74' lang='lat' dir='ltr'><strong>exagitatum</strong></span> <span class='ocrx_word' id='word_1_248' title='bbox 651 3926 701 3967; x_wconf 70' lang='lat'><strong>121.</strong></span> <span class='ocrx_word' id='word_1_249' title='bbox 754 3924 878 3974; x_wconf 83' lang='lat' dir='ltr'><strong>b)lnR1.</strong></span> <span class='ocrx_word' id='word_1_250' title='bbox 933 3925 1119 3975; x_wconf 82' lang='lat' dir='ltr'><strong>c)seolusaRl.</strong></span> <span class='ocrx_word' id='word_1_251' title='bbox 1180 3924 1359 3980; x_wconf 83' lang='lat' dir='ltr'><strong>d)solutaR1;</strong></span> 
     </span>
     <span class='ocr_line' id='line_1_38' title="bbox 236 3975 1363 4031; baseline 0.004 -14"><span class='ocrx_word' id='word_1_252' title='bbox 236 3977 357 4018; x_wconf 82' lang='lat' dir='ltr'><strong>resolutam</strong></span> <span class='ocrx_word' id='word_1_253' title='bbox 371 3979 420 4020; x_wconf 69' lang='lat'><strong>122.</strong></span> <span class='ocrx_word' id='word_1_254' title='bbox 469 3979 490 4027; x_wconf 85' lang='lat' dir='ltr'><strong>e)</strong></span> <span class='ocrx_word' id='word_1_255' title='bbox 504 3975 634 4019; x_wconf 68' lang='lat' dir='ltr'><strong>introducta</strong></span> <span class='ocrx_word' id='word_1_256' title='bbox 648 3978 698 4021; x_wconf 76' lang='lat' dir='ltr'><strong>Rs.</strong></span> <span class='ocrx_word' id='word_1_257' title='bbox 745 3978 800 4026; x_wconf 71' lang='lat' dir='ltr'><strong>Oet</strong></span> <span class='ocrx_word' id='word_1_258' title='bbox 814 3999 841 4007; x_wconf 97' lang='lat'><em>-</em></span> <span class='ocrx_word' id='word_1_259' title='bbox 854 3978 968 4028; x_wconf 73' lang='lat' dir='ltr'><strong>alligatam</strong></span> <span class='ocrx_word' id='word_1_260' title='bbox 983 3981 1082 4023; x_wconf 53' lang='lat' dir='ltr'><strong>daal.</strong></span> <span class='ocrx_word' id='word_1_261' title='bbox 1132 3984 1155 4031; x_wconf 76' lang='lat' dir='ltr'><strong>g)</strong></span> <span class='ocrx_word' id='word_1_262' title='bbox 1168 3983 1201 4020; x_wconf 73' lang='lat' dir='ltr'><strong>ita</strong></span> <span class='ocrx_word' id='word_1_263' title='bbox 1215 3981 1237 4019; x_wconf 84' lang='lat' dir='ltr'><em>E</em></span> <span class='ocrx_word' id='word_1_264' title='bbox 1244 3983 1255 4019; x_wconf 89' lang='lat'>1</span> <span class='ocrx_word' id='word_1_265' title='bbox 1262 3995 1270 4029; x_wconf 83' lang='lat'><strong>,·</strong></span> <span class='ocrx_word' id='word_1_266' title='bbox 1284 3981 1363 4030; x_wconf 78' lang='lat' dir='ltr'><strong>alliga·</strong></span> 
     </span>
     <span class='ocr_line' id='line_1_39' title="bbox 236 4031 1361 4085; baseline 0.002 -14"><span class='ocrx_word' id='word_1_267' title='bbox 236 4032 342 4074; x_wconf 66' lang='lat' dir='ltr'><strong>tumRt.</strong></span> <span class='ocrx_word' id='word_1_268' title='bbox 409 4031 504 4079; x_wconf 68' lang='lat' dir='ltr'><strong>hldeest</strong></span> <span class='ocrx_word' id='word_1_269' title='bbox 518 4032 567 4075; x_wconf 76' lang='lat' dir='ltr'><strong>Rl.</strong></span> <span class='ocrx_word' id='word_1_270' title='bbox 633 4033 651 4080; x_wconf 80' lang='lat'><strong>1)</strong></span> <span class='ocrx_word' id='word_1_271' title='bbox 665 4031 761 4072; x_wconf 83' lang='lat' dir='ltr'><strong>noxibus</strong></span> <span class='ocrx_word' id='word_1_272' title='bbox 776 4034 825 4074; x_wconf 86' lang='lat' dir='ltr'><strong>Rl.</strong></span> <span class='ocrx_word' id='word_1_273' title='bbox 893 4032 917 4081; x_wconf 82' lang='lat' dir='ltr'><strong>k)</strong></span> <span class='ocrx_word' id='word_1_274' title='bbox 931 4033 974 4074; x_wconf 72' lang='lat' dir='ltr'><strong>ista</strong></span> <span class='ocrx_word' id='word_1_275' title='bbox 989 4034 1038 4077; x_wconf 83' lang='lat' dir='ltr'><strong>Rl.</strong></span> <span class='ocrx_word' id='word_1_276' title='bbox 1099 4036 1115 4085; x_wconf 90' lang='lat' dir='ltr'><strong>l)</strong></span> <span class='ocrx_word' id='word_1_277' title='bbox 1129 4035 1297 4085; x_wconf 82' lang='lat' dir='ltr'><strong>beneplacltum</strong></span> <span class='ocrx_word' id='word_1_278' title='bbox 1312 4035 1361 4079; x_wconf 74' lang='lat' dir='ltr'><strong>ar,</strong></span> 
     </span>
     <span class='ocr_line' id='line_1_40' title="bbox 236 4083 1015 4134; baseline 0.003 -11"><span class='ocrx_word' id='word_1_279' title='bbox 236 4086 265 4132; x_wconf 88' lang='lat' dir='ltr'><strong>m)</strong></span> <span class='ocrx_word' id='word_1_280' title='bbox 280 4085 295 4127; x_wconf 73' lang='grc' dir='ltr'><strong>ι’,</strong></span> <span class='ocrx_word' id='word_1_281' title='bbox 304 4095 320 4126; x_wconf 84' lang='lat' dir='ltr'><strong>e.</strong></span> <span class='ocrx_word' id='word_1_282' title='bbox 336 4085 458 4134; x_wconf 70' lang='lat' dir='ltr'><strong>causantur,</strong></span> <span class='ocrx_word' id='word_1_283' title='bbox 474 4087 530 4134; x_wconf 77' lang='lat' dir='ltr'><strong>quod</strong></span> <span class='ocrx_word' id='word_1_284' title='bbox 544 4096 555 4124; x_wconf 78' lang='lat' dir='ltr'><strong>e</strong></span> <span class='ocrx_word' id='word_1_285' title='bbox 570 4095 626 4128; x_wconf 82' lang='lat' dir='ltr'><strong>corr.</strong></span> <span class='ocrx_word' id='word_1_286' title='bbox 640 4086 690 4128; x_wconf 70' lang='lat'><strong>122.</strong></span> <span class='ocrx_word' id='word_1_287' title='bbox 744 4088 768 4134; x_wconf 89' lang='lat' dir='ltr'><strong>n)</strong></span> <span class='ocrx_word' id='word_1_288' title='bbox 782 4083 950 4126; x_wconf 78' lang='lat' dir='ltr'><strong>deuimclonum</strong></span> <span class='ocrx_word' id='word_1_289' title='bbox 965 4088 985 4125; x_wconf 83' lang='lat' dir='ltr'><em>R</em></span> <span class='ocrx_word' id='word_1_290' title='bbox 995 4089 1015 4131; x_wconf 85' lang='lat'><strong>1.</strong></span> 
     </span>
    </p>

    <p class='ocr_par' dir='ltr' id='par_1_9' title="bbox 234 4138 1362 4394">
     <span class='ocr_line' id='line_1_41' title="bbox 341 4138 1361 4192; baseline 0.002 -13"><span class='ocrx_word' id='word_1_291' title='bbox 341 4138 433 4180; x_wconf 83' lang='lat' dir='ltr'>XXVII.</span> <span class='ocrx_word' id='word_1_292' title='bbox 474 4140 496 4186; x_wconf 78' lang='lat' dir='ltr'><strong>a)</strong></span> <span class='ocrx_word' id='word_1_293' title='bbox 514 4140 598 4178; x_wconf 78' lang='lat' dir='ltr'><strong>lustum</strong></span> <span class='ocrx_word' id='word_1_294' title='bbox 612 4141 660 4182; x_wconf 75' lang='lat'><strong>121.</strong></span> <span class='ocrx_word' id='word_1_295' title='bbox 735 4139 758 4188; x_wconf 89' lang='lat' dir='ltr'><strong>b)</strong></span> <span class='ocrx_word' id='word_1_296' title='bbox 777 4140 809 4177; x_wconf 74' lang='lat' dir='ltr'><strong>ita</strong></span> <span class='ocrx_word' id='word_1_297' title='bbox 823 4139 865 4178; x_wconf 73' lang='lat' dir='ltr'><strong>Er</strong></span> <span class='ocrx_word' id='word_1_298' title='bbox 879 4145 898 4179; x_wconf 80' lang='lat' dir='ltr'><strong>et</strong></span> <span class='ocrx_word' id='word_1_299' title='bbox 913 4141 965 4190; x_wconf 52' lang='lat' dir='ltr'><strong>alia·</strong></span> <span class='ocrx_word' id='word_1_300' title='bbox 986 4140 1103 4190; x_wconf 74' lang='lat' dir='ltr'><strong>gravando</strong></span> <span class='ocrx_word' id='word_1_301' title='bbox 1117 4143 1170 4192; x_wconf 67' lang='lat'><strong>1213</strong></span> <span class='ocrx_word' id='word_1_302' title='bbox 1193 4139 1292 4190; x_wconf 78' lang='lat' dir='ltr'><strong>gravede</strong></span> <span class='ocrx_word' id='word_1_303' title='bbox 1306 4143 1361 4192; x_wconf 65' lang='lat'><strong>1323</strong></span> 
     </span>
     <span class='ocr_line' id='line_1_42' title="bbox 235 4190 1361 4244; baseline 0.004 -14"><span class='ocrx_word' id='word_1_304' title='bbox 235 4191 366 4239; x_wconf 68' lang='lat' dir='ltr'><strong>gravem.</strong></span> <span class='ocrx_word' id='word_1_305' title='bbox 408 4193 571 4242; x_wconf 53' lang='lat' dir='ltr'><strong>chaperon</strong></span> <span class='ocrx_word' id='word_1_306' title='bbox 613 4190 739 4241; x_wconf 64' lang='lat' dir='ltr'><strong>mutas.</strong></span> <span class='ocrx_word' id='word_1_307' title='bbox 780 4190 1099 4244; x_wconf 69' lang='lat' dir='ltr'><strong>aquidsmproquudum</strong></span> <span class='ocrx_word' id='word_1_308' title='bbox 1113 4196 1160 4238; x_wconf 73' lang='lat'><strong>121.</strong></span> <span class='ocrx_word' id='word_1_309' title='bbox 1200 4196 1361 4244; x_wconf 65' lang='lat' dir='ltr'><strong>osterum,</strong></span> 
     </span>
     <span class='ocr_line' id='line_1_43' title="bbox 235 4243 1362 4298; baseline 0.009 -17"><span class='ocrx_word' id='word_1_310' title='bbox 235 4244 272 4282; x_wconf 78' lang='lat' dir='ltr'><strong>ubi</strong></span> <span class='ocrx_word' id='word_1_311' title='bbox 286 4243 309 4282; x_wconf 86' lang='lat' dir='ltr'><strong>ln</strong></span> <span class='ocrx_word' id='word_1_312' title='bbox 323 4245 386 4286; x_wconf 71' lang='lat' dir='ltr'><strong>deest.</strong></span> <span class='ocrx_word' id='word_1_313' title='bbox 447 4247 470 4294; x_wconf 77' lang='lat' dir='ltr'><strong>g)</strong></span> <span class='ocrx_word' id='word_1_314' title='bbox 484 4256 526 4296; x_wconf 84' lang='lat' dir='ltr'><strong>per</strong></span> <span class='ocrx_word' id='word_1_315' title='bbox 543 4246 594 4288; x_wconf 79' lang='lat' dir='ltr'><strong>add.</strong></span> <span class='ocrx_word' id='word_1_316' title='bbox 608 4247 657 4289; x_wconf 83' lang='lat' dir='ltr'><strong>Rl.</strong></span> <span class='ocrx_word' id='word_1_317' title='bbox 720 4247 743 4296; x_wconf 88' lang='lat' dir='ltr'><strong>h)</strong></span> <span class='ocrx_word' id='word_1_318' title='bbox 758 4248 815 4287; x_wconf 74' lang='lat' dir='ltr'><strong>deest</strong></span> <span class='ocrx_word' id='word_1_319' title='bbox 828 4247 877 4290; x_wconf 66' lang='lat'><strong>122.</strong></span> <span class='ocrx_word' id='word_1_320' title='bbox 939 4249 955 4298; x_wconf 85' lang='lat' dir='ltr'><strong>l)</strong></span> <span class='ocrx_word' id='word_1_321' title='bbox 969 4252 1075 4298; x_wconf 68' lang='lat' dir='ltr'><strong>repperio</strong></span> <span class='ocrx_word' id='word_1_322' title='bbox 1090 4249 1139 4292; x_wconf 64' lang='lat'><strong>112.</strong></span> <span class='ocrx_word' id='word_1_323' title='bbox 1200 4248 1362 4297; x_wconf 77' lang='lat' dir='ltr'><strong>lr)scireR1.</strong></span> 
     </span>
     <span class='ocr_line' id='line_1_44' title="bbox 235 4297 1362 4352; baseline 0.005 -17"><span class='ocrx_word' id='word_1_324' title='bbox 235 4297 251 4345; x_wconf 87' lang='lat' dir='ltr'><strong>l)</strong></span> <span class='ocrx_word' id='word_1_325' title='bbox 266 4301 397 4346; x_wconf 72' lang='lat' dir='ltr'><strong>congraum</strong></span> <span class='ocrx_word' id='word_1_326' title='bbox 411 4298 460 4341; x_wconf 69' lang='lat'><strong>121.</strong></span> <span class='ocrx_word' id='word_1_327' title='bbox 518 4301 549 4348; x_wconf 81' lang='lat' dir='ltr'><strong>m)</strong></span> <span class='ocrx_word' id='word_1_328' title='bbox 563 4297 660 4342; x_wconf 77' lang='lat' dir='ltr'><strong>redeant</strong></span> <span class='ocrx_word' id='word_1_329' title='bbox 673 4300 722 4342; x_wconf 74' lang='grc' dir='ltr'><strong>ΕΙ.</strong></span> <span class='ocrx_word' id='word_1_330' title='bbox 782 4303 806 4349; x_wconf 91' lang='lat' dir='ltr'><strong>n)</strong></span> <span class='ocrx_word' id='word_1_331' title='bbox 820 4298 950 4342; x_wconf 74' lang='lat' dir='ltr'><strong>iudicarunt</strong></span> <span class='ocrx_word' id='word_1_332' title='bbox 964 4303 1016 4352; x_wconf 67' lang='lat'><strong>1313</strong></span> <span class='ocrx_word' id='word_1_333' title='bbox 1038 4300 1192 4342; x_wconf 74' lang='lat' dir='ltr'><strong>iudicaverint</strong></span> <span class='ocrx_word' id='word_1_334' title='bbox 1206 4313 1262 4345; x_wconf 81' lang='lat' dir='ltr'><strong>corr,</strong></span> <span class='ocrx_word' id='word_1_335' title='bbox 1276 4300 1362 4342; x_wconf 73' lang='lat' dir='ltr'><strong>ludica-</strong></span> 
     </span>
     <span class='ocr_line' id='line_1_45' title="bbox 234 4351 381 4394; baseline 0.014 -4"><span class='ocrx_word' id='word_1_336' title='bbox 234 4355 318 4391; x_wconf 79' lang='lat' dir='ltr'><strong>varunt</strong></span> <span class='ocrx_word' id='word_1_337' title='bbox 332 4351 381 4394; x_wconf 72' lang='grc' dir='ltr'><strong>Μ,</strong></span> 
     </span>
    </p>
   </div>
   <div class='ocr_carea' id='block_1_8' title="bbox 0 0 1504 4934">
    <p class='ocr_par' dir='ltr' id='par_1_10' title="bbox 0 0 1504 4934">
     <span class='ocr_line' id='line_1_46' title="bbox 0 0 1504 4934; baseline 0 2"><span class='ocrx_word' id='word_1_338' title='bbox 0 0 1504 4934; x_wconf 95' lang='lat' dir='ltr'><strong> </strong></span> 
     </span>
    </p>
   </div>
  </div>
 </body>
</html>
