3000 4934
263 402 315 456 194
455 396 533 451 LEX
551 395 666 453 VISIG.
686 395 955 451 REOOESSVIND.
992 395 1043 464 VI,
1062 399 1089 465 o,
1108 399 1187 453 5-8.

261 582 361 664 gerit,
391 583 501 664 adque
524 580 594 657 ille,
624 580 684 663 qui
707 580 884 664 percussit,
914 583 975 642 aut
998 601 1059 643 suo
1084 582 1298 643 sacramento
1324 583 1390 641 aut

261 671 409 735 testibus
433 690 576 734 numero
600 672 636 733 et
659 669 830 751 dignitate
854 669 987 733 idoneis
1011 669 1201 753 adprobare
1220 668 1388 751 potuerit,

263 760 354 842 quod
383 760 448 822 hoc
476 762 516 820 ut
544 759 642 822 fieret
665 757 866 821 volumtatis
895 758 967 820 eins
996 777 1065 820 non
1093 756 1172 832 fuit,
1204 757 1286 838 qui'a
1313 777 1389 840 per·

263 867 379 911 cussor
406 868 470 911 nec
498 848 676 930 percutere
704 866 767 910 nec
796 846 976 910 hoccidere
999 846 1124 922 voluit,
1156 845 1281 908 libram
1310 849 1388 907 tan-

261 939 338 998 turn
365 936 441 998 auri
468 935 670 1018 parentibus
698 934 871 1017 persolvat
894 934 1007 998 occisi.
1055 933 1222 998 Similiter
1246 935 1281 997 et
1304 954 1387 1015 qua-

263 1024 479 1107 lemcumque
509 1023 635 1087 vulnus
669 1022 734 1086 tali
769 1043 850 1087 casu
884 1023 959 1086 fieri
995 1023 1204 1106 provenerit,
1243 1023 1387 1086 tertiam

263 1116 397 1196 partem
430 1112 675 1196 conpositionis
709 1112 768 1194 qui
798 1112 966 1195 percussit
996 1111 1146 1188 exolvat,
1183 1111 1264 1193 quia
1293 1131 1387 1174 mors

263 1201 337 1265 eius
364 1201 479 1264 inulta
506 1221 579 1265 esse
606 1222 677 1264 non
705 1200 818 1277 debet,
847 1200 907 1282 qui
933 1200 1027 1285 pacis
1051 1200 1220 1283 premium
1244 1202 1284 1261 ut
1308 1219 1387 1262 con-

262 1291 371 1354 ferret
394 1290 544 1354 advenit.

673 1370 724 1427 vr.
756 1369 968 1440 mvrouna.

287 1467 346 1544 Si,
377 1467 472 1530 dum
500 1467 612 1531 levis
639 1467 807 1529 iniuria
831 1466 1042 1543 infertur,
1071 1465 1362 1530 homicidium

666 1555 980 1619 committatur.

372 1661 417 1737 Si,
443 1661 525 1724 dum
548 1661 625 1743 quis
649 1654 766 1725 calceb
786 1660 842 1724 vel
865 1681 981 1743 pugno
1006 1663 1066 1724 aut
1082 1681 1297 1743 quacumque
1313 1683 1388 1745 per-

264 1750 420 1814 cussione
454 1749 617 1812 iniuriam
651 1752 796 1812 conatur
829 1749 972 1826 inferre,
1014 1749 1191 1814 homicidii
1230 1750 1389 1814 extiterit

264 1838 432 1915 hoccasio,
457 1858 519 1922 pro
543 1837 728 1901 homicidio
751 1838 927 1922 puniatur.

353 1989 420 2047 VII.
451 1990 620 2046 FLAVIUS
640 1989 854 2046 GLORIOSUS
873 1989 1183 2045 REOOESSVINDUS
1201 1990 1289 2047 REX.

266 2104 310 2167 Si
337 2104 487 2168 iocans
516 2106 590 2166 aut
617 2103 893 2167 indiscretus
922 2103 1130 2167 hoccidat
1158 2103 1387 2167 hominem.

372 2209 607 2293 Quicumque1
621 2211 782 2275 incautus
798 2212 833 2274 et
849 2210 1055 2274 indiscretus
1071 2212 1133 2272 aut
1147 2208 1253 2272 iocari
1266 2208 1388 2273 volens

264 2301 326 2362 aut
349 2299 387 2361 in
402 2298 627 2363 multitudine
652 2300 896 2382 cuiuscumque
914 2299 965 2363 rei
981 2319 1022 2362 ex
1038 2298 1211 2381 inproviso
1228 2297 1385 2361 hictuma

264 2387 405 2449 noxium
433 2387 575 2451 mittens
603 2387 808 2470 percussisse
837 2388 948 2469 adque
976 2387 1166 2451 hoccidisse
1190 2387 1388 2470 quempiam

264 2474 432 2550 videatur,
468 2495 547 2538 curn
581 2478 643 2538 aut
673 2478 887 2540 sacramento
918 2479 979 2539 aut
1008 2475 1157 2540 testibus
1188 2475 1387 2539 convictum

263 2563 380 2640 fuerit,
405 2564 486 2646 quia
508 2564 545 2626 id
568 2557 754 2648 dispositob
782 2564 915 2628 malitie
939 2567 1000 2627 aut
1022 2563 1171 2629 nocendi
1192 2563 1387 2628 volumtate

264 2653 472 2715 conmissum
501 2672 572 2715 non
601 2653 685 2728 fuit,
720 2674 792 2716 non
826 2653 965 2735 quidem
1000 2653 1066 2717 erit
1097 2673 1276 2737 percussor
1305 2652 1382 2717 vel⁰

265 2741 450 2804 homicidio
473 2740 613 2804 infamis
636 2741 692 2805 vel
716 2745 825 2805 morte
850 2741 1072 2818 damnabilis;
1102 2742 1184 2823 quia
1211 2744 1389 2804 mortuum

264 2829 469 2894 volumtarie
500 2850 570 2893 non
600 2830 763 2894 hoccidit.
811 2829 924 2910 Quare
953 2834 1072 2894 tamen
1100 2830 1285 2894 indiscrete
1314 2850 1388 2912 per-

265 2919 372 2982 cussit
399 2939 463 2982 nec
485 2919 596 2983 vitare
625 2914 762 2983 casumd
790 2919 934 2996 studuit,
964 2918 1089 2982 libram
1117 2919 1192 2981 auri
1222 2918 1387 3001 proximis

265 3007 368 3071 occisi
400 3007 592 3091 persolvere
625 3008 845 3090 procuravit⁰
878 3010 914 3071 et
938 3019 962 3072 L
986 3007 1202 3091 flagellorum
1232 3007 1387 3070 hictibus

251 3096 450 3180 vapulavit.

348 3248 430 3306 VIII.
461 3249 630 3306 FLAVIUS
649 3248 863 3305 GLORIOSUS
881 3247 1192 3308 REOGESSVINDUS
1210 3247 1298 3304 REX.

311 3361 354 3426 si
384 3363 480 3445 quis
510 3384 585 3447 per
612 3366 784 3426 cautam
815 3361 1101 3446 disciplinam
1132 3361 1341 3425 hoccidat

710 3451 935 3515 hominem.

373 3555 651 3639 Quemcumque²
679 3556 886 3641 discipulum
909 3557 965 3621 vel
989 3558 1026 3620 in
1049 3556 1241 3640 patrocinio
1265 3557 1326 3619 aut
1349 3556 1387 3618 in

265 3645 404 3709 servitio
426 3646 655 3709 constitutum
678 3665 699 3707 a
722 3645 896 3726 magistro,
921 3648 1067 3730 patrono
1082 3645 1138 3710 vel
1155 3645 1293 3709 domino
1310 3664 1386 3707 con-

265 3733 399 3816 petenti
423 3737 458 3797 et
482 3734 631 3798 discreta
653 3733 837 3816 disciplina
859 3754 1059 3818 percussum
1074 3735 1221 3799 fortasse
1238 3732 1324 3797 mori
1343 3733 1386 3797 de

264 3821 404 3904 flagello
428 3822 618 3905 contingat,
642 3843 722 3886 cum
740 3821 831 3884 nihil
853 3822 923 3900 ille,
948 3824 1007 3905 qui
1032 3824 1133 3888 docet
1156 3826 1217 3886 aut
1233 3822 1386 3906 corripit,

265 3910 303 3972 in
331 3911 423 3974 hunc
451 3910 580 3974 invidie
604 3913 665 3974 aut
689 3910 821 3974 malitie
846 3911 1016 3989 habuerit,
1049 3912 1108 3994 qui
1136 3904 1252 3976 ceditb
1280 3911 1387 3974 homi·

372 4083 411 4124 VI.
451 4085 474 4131 a)
487 4083 544 4122 decet
557 4083 606 4124 111.
660 4083 683 4132 1))
697 4082 781 4122 calcem
795 4084 841 4126 ΕΙ.

372 4137 423 4178 VII.
450 4137 550 4185 a)h1ctu
564 4137 613 4179 nr.
653 4136 676 4184 b)
691 4133 825 4186 dispositum
839 4138 885 4180 m.
927 4135 1202 4189 oveluthomuldnrl.
1244 4133 1388 4185 amauri.

264 4188 288 4241 c)
301 4189 470 4239 procurabit-
484 4190 601 4238 vapulabit
615 4190 636 4229 B
644 4191 663 4232 2.

372 4244 435 4286 VIII.
476 4243 499 4295 a)
513 4244 653 4292 Quicumque
667 4244 713 4285 1³1.
768 4243 791 4291 b)
805 4243 862 4284 cosit
875 4244 923 4287 122.

266 4367 293 4434 1)
311 4368 353 4433 of.
371 4369 461 4420 vius
481 4369 499 4424 r.
516 4384 537 4422 c.
