3000 4934
88 3194 114 3213 =
124 3177 174 3220 Ccd.
181 3178 235 3221 Eur.

148 3231 194 3274 319.

244 385 296 440 146
456 379 535 436 LEX
552 375 956 437 w81e.ancenssvmn.
991 376 1029 447 V,
1046 381 1072 448 2,
1091 379 1171 434 a-t.

243 567 322 650 post
345 564 419 630 eius
441 563 575 627 obitum
596 563 766 626 adtemtet
789 560 1008 644 aliquatenus
1030 580 1196 644 usurpare
1218 559 1275 625 vel
1298 561 1368 624 iuri

243 653 381 756 proprio
411 653 619 736 mancipare,
649 651 717 714 nisi
746 650 839 733 quod
867 649 1032 714 meruerit
1058 649 1175 713 uxoris
1202 649 1366 732 largitate

243 761 430 826 percrpere.

647 872 718 928 mr.
748 870 962 942 narratas.

243 989 303 1054 De
326 988 455 1052 rebus
479 989 603 1052 extra
627 987 770 1050 dotem
789 985 916 1049 uxori
939 1006 960 1048 a
978 985 1136 1048 marito
1160 985 1366 1050 conlatis.

351 1093 410 1158 Si1
433 1092 557 1158 mulier
580 1112 601 1156 a
623 1092 748 1156 marito
773 1094 871 1156 extra
894 1092 1011 1156 dotem
1035 1090 1078 1154 de
1094 1090 1367 1175 quibuscumque

242 1183 355 1260 rebus,
373 1200 588 1265 quacumque
604 1181 791 1245 donatione
801 1179 858 1244 vel
874 1179 1116 1264 profligatione
1133 1174 1361 1263 conquesitisb

244 1274 306 1336 aut
331 1270 386 1334 illi
409 1270 546 1348 debitis,
577 1290 713 1353 quoquo
744 1271 898 1353 tempore
929 1269 1169 1351 quodcumque
1200 1269 1366 1332 donatum

244 1360 429 1443 acceperit,
462 1360 491 1423 si
518 1358 583 1421 filii
610 1359 654 1422 de
682 1359 803 1423 eodem
833 1357 992 1440 coniugio
1021 1356 1155 1421 luerint
1183 1359 1365 1441 procreati,

243 1448 368 1512 mulier
390 1467 499 1531 usque
523 1448 567 1511 ad
591 1447 683 1511 diem
705 1446 821 1511 obitus
845 1446 899 1509 sui
921 1465 1042 1510 secura
1063 1445 1240 1528 possideat
1263 1449 1298 1510 et
1322 1448 1365 1512 de
1395 1475 1422 1512 a.
1443 1476 1469 1513 v.

243 1537 366 1619 quinta
398 1536 618 1600 tantumdem
651 1538 751 1619 parte
786 1555 905 1598 earum
939 1554 1055 1599 rerum
1089 1533 1243 1599 faciendi
1273 1536 1367 1618 quod

242 1624 392 1689 voluerit
425 1626 636 1707 potestatem
670 1623 844 1700 obtineat;
879 1625 959 1706 post
991 1623 1127 1686 obitum
1154 1643 1236 1688 vero
1267 1644 1368 1687 suum

242 1712 376 1795 reliqua
398 1713 535 1796 integra
558 1715 594 1776 et
616 1712 824 1777 intemerata
845 1710 926 1775 filiis
943 1730 984 1775 ex
999 1712 1074 1795 ipso
1089 1711 1164 1775 viro
1178 1713 1367 1795 procreatis

244 1801 462 1884 derelinquat
497 1804 532 1865 et
562 1800 662 1864 nulla
695 1799 874 1872 occasione
908 1800 1111 1883 quicquam⁰
1145 1801 1283 1878 exinde,
1314 1822 1367 1865 ex-

244 1892 354 1974 cepto,
377 1893 419 1953 ut
443 1889 575 1954 dictum
598 1893 660 1967 est,
685 1883 864 1973 quintamd
888 1891 1035 1971 partem,
1063 1888 1251 1972 quidquam
1278 1889 1367 1953 aliut
1395 1903 1422 1954 d.

243 1978 369 2042 mulier
403 1977 554 2043 alienare
588 1980 775 2062 presumat.
829 1975 930 2056 Quod
960 1978 990 2041 si
1022 1998 1064 2041 ex
1096 1977 1172 2060 ipso
1207 1979 1366 2063 coniugio

244 2067 309 2130 filii
341 2087 412 2130 non
446 2067 579 2132 fuerint
612 2067 799 2151 procreati,
834 2066 1004 2149 quidquid
1038 2065 1162 2131 mulier
1192 2067 1367 2148 derebus

245 2155 311 2219 sibi
334 2156 471 2220 donatis
493 2155 609 2221 iacere
633 2155 788 2240 elegerit,
816 2154 962 2219 liberam
990 2154 1118 2219 habeat
1146 2158 1365 2238 potestatem.
1395 2184 1422 2220 a.

245 2243 408 2308 Ceterum
437 2245 466 2308 si
495 2245 663 2310 intestata
692 2243 900 2321 discesserit,
919 2244 997 2306 ad⁰
1027 2243 1191 2307 maritum
1220 2244 1306 2321 eius,
1338 2245 1367 2308 si

244 2333 411 2416 suprestis
427 2333 591 2410 extiterit,
617 2332 757 2397 donatio
772 2334 976 2397 revertatur.
1013 2331 1074 2396 Sin
1091 2335 1208 2396 autem
1224 2333 1368 2396 maritus

245 2440 316 2484 non
345 2419 466 2497 fuerit,
502 2421 547 2484 ad
581 2421 725 2486 heredes
759 2421 889 2499 mariti,
926 2421 986 2504 qui
1020 2420 1242 2486 donationem
1271 2421 1366 2499 fecit,

245 2509 366 2572 eadem
381 2509 523 2573 donatio
538 2509 737 2593 pertinebit.
784 2509 897 2573 Simili
918 2509 1053 2574 ratione
1078 2512 1113 2574 et
1136 2510 1179 2575 de
1194 2509 1278 2574 viris
1295 2531 1368 2594 pre·

245 2596 391 2680 cipimus
415 2598 581 2661 custodiri
605 2599 647 2662 de
670 2598 734 2673 his,
765 2618 832 2682 que
855 2598 906 2662 ab'
923 2597 1088 2662 uxoribus
1109 2601 1265 2682 tempore
1288 2619 1368 2682 quo-

245 2705 391 2769 cumque
415 2685 544 2768 donata
567 2687 796 2771 perceperint.

665 2874 702 2932 v.
732 2860 945 2945 immonsa.

245 2985 305 3052 Dc
338 2986 469 3052 rebus
499 3008 520 3050 a
549 2987 706 3052 marito
742 2986 918 3052 mulieri
953 2987 1192 3066 concessis,
1226 2987 1296 3052 vel
1332 2989 1368 3053 si

363 3075 521 3141 mulier
550 3069 717 3141 fucritb
745 3075 1025 3141 adulterasse
1056 3076 1245 3142 detecta.

350 3181 522 3247 Maritusl
536 3182 566 3246 si
580 3183 679 3246 uxori
695 3203 755 3246 sue
771 3181 904 3266 aliquid
919 3182 1108 3260 donaverit,
1133 3185 1168 3248 et
1190 3183 1267 3267 ipsa
1289 3186 1368 3267 post

245 3270 379 3335 obitum
406 3271 524 3335 mariti
550 3271 605 3335 sui
630 3272 668 3334 in
695 3270 792 3334 nullo
821 3270 949 3336 scelere
972 3269 1137 3336 adulterii
1158 3271 1268 3336 fuerit
1291 3292 1367 3336 con·

242 3362 389 3438 versata,
420 3361 481 3425 scd
510 3361 548 3423 in
579 3360 750 3444 pudicitia
778 3359 1015 3444 permanserit,
1049 3362 1111 3422 aut
1141 3363 1233 3425 certe
1264 3361 1293 3424 si
1323 3361 1367 3424 ad

245 3448 353 3512 alium
367 3449 531 3512 maritum
547 3449 694 3514 honesta
710 3449 952 3513 coniunctione
975 3448 1180 3532 pervenerit,
1206 3449 1249 3514 de
1264 3448 1366 3514 rebus

245 3538 311 3602 sibi
334 3559 355 3601 a
377 3538 502 3602 marito
534 3537 670 3602 donatis
699 3536 900 3621 possidendi
927 3539 963 3602 et
989 3539 1069 3621 post
1097 3536 1232 3601 obitum
1255 3558 1365 3615 suum,

244 3626 274 3690 si
303 3625 393 3689 filios
421 3646 492 3690 non
521 3625 693 3703 habuerit,
724 3624 943 3709 relinquendi
973 3626 1030 3689 cui
1058 3624 1208 3690 voluerit
1236 3625 1366 3691 habeat
1394 3654 1421 3692 a.

244 3716 463 3798 potestatem.
511 3713 674 3779 Ceterum
702 3713 731 3777 si
754 3713 843 3778 filios
872 3734 943 3778 non
969 3713 1169 3798 relinquens
1198 3713 1367 3778 intestata

245 3802 449 3880 discesserit,
480 3805 543 3866 aut
573 3803 617 3866 ad
646 3801 810 3865 maritum
841 3802 923 3880 eius,
955 3802 984 3866 si
1011 3803 1178 3886 suprestis
1202 3803 1366 3882 extiterit,

245 3893 307 3954 aut
329 3891 393 3954 ad⁰
422 3891 567 3956 heredes
590 3891 715 3969 mariti,
747 3890 808 3974 qui
831 3890 1053 3956 donationem
1077 3892 1290 3977 conscripsit,
1316 3912 1367 3957 ea·

351 4081 406 4123 ΗΠ,
446 4084 468 4130 ι)
482 4082 539 4120 duat
552 4082 603 4124 Μ.
671 4080 694 4133 b)
708 4081 841 4130 conquisitu
856 4081 905 4124 Bt.
968 4082 989 4130 c)
1002 4081 1060 4121 deest
1073 4082 1120 4126 121.
1185 4079 1209 4132 d)
1224 4083 1304 4131 quina
1317 4082 1367 4125 Bb.

244 4133 266 4186 Θ)
280 4137 320 4174 m
333 4134 448 4237 mllfmsiz
454 4136 511 4227 diost
524 4188 545 4226 R
554 4189 574 4230 2.
627 4187 651 4240 b)
665 4187 697 4227 bis
710 4198 753 4232 scr.
766 4188 813 4232 121.
867 4190 887 4236 c)
901 4188 958 4228 duat
972 4188 1019 4232 121.

245 4347 271 4415 1)
290 4347 332 4413 Cf.
351 4347 443 4415 Deba,
465 4348 573 4414 ‘Wcsta
592 4346 681 4402 stuc!
695 4364 725 4416 p.
739 4348 792 4402 124
803 4363 842 4415 aq.
