3000 4934
333 363 411 420 mx
428 363 545 422 visre.
564 363 834 421 anooassvmn
870 364 907 434 v,
923 369 950 433 4,
965 367 1077 421 13-1o.
1216 366 1268 421 155

147 548 373 634 perceperint,
398 548 450 611 ita
467 548 683 631 perrenniter
697 548 797 611 firma
812 547 1011 622 subsistant,
1036 549 1086 623 ut,
1111 546 1140 609 si
1164 545 1268 608 domi·

146 658 212 701 nus
243 637 395 702 eiusdem
426 637 515 700 servi
541 636 597 701 vel
627 635 762 714 ancille,
794 636 854 719 qui
876 634 1043 713 vendidit,
1074 634 1267 698 rescindere

145 726 381 792 venditionem
410 724 521 809 ipsam
547 725 706 803 voluerit,
738 744 799 790 seu
825 744 907 802 rem,
939 743 1005 807 que
1032 723 1175 788 vendIta
1205 724 1266 799 est,
1333 774 1337 778 ,

145 835 216 879 non
249 813 337 965 sepvi
366 813 555 966 peoplliipem,
591 813 740 965 segitsui
774 832 847 915 esse
858 812 1009 964 dp1t·lolprii
1034 811 1183 963 ⁸domililnii
1213 811 1268 912 ad:

146 922 409 1057 ldddidrrddndlddi
431 923 666 1056 venditidrlrnem
681 921 861 1074 ldrorpdddild,
882 919 1269 1072 {Ut‚pe1p1⁸pe8teg‚lglgt

146 1081 249 1144 timos
277 1082 339 1143 aut
366 1099 428 1162 per
456 1081 710 1144 sacramentum
737 1098 847 1156 suum,
875 1097 947 1141 non
970 1076 1060 1142 servi
1082 1075 1267 1160 peculium,

147 1170 208 1233 sed
238 1188 338 1231 suum
368 1167 546 1251 proprium
577 1168 699 1232 doceat
729 1186 816 1244 esse,
848 1166 940 1249 quod
969 1165 1098 1248 querit,
1130 1167 1166 1229 et
1195 1164 1269 1228 sine

146 1257 339 1321 volumtate
369 1275 432 1320 sua
460 1256 641 1320 venditum
669 1255 792 1332 fuisse,
828 1255 921 1338 quod
951 1253 1132 1337 adquirere
1162 1253 1268 1336 cupit.

147 1344 194 1408 Et
216 1345 282 1409 hoc
305 1344 446 1427 quidem
469 1343 512 1408 de
534 1343 661 1408 vilibus
685 1346 721 1408 et
743 1343 858 1427 parvis
880 1342 999 1419 rebus3
1028 1362 1109 1407 nam
1137 1342 1180 1405 de
1203 1361 1270 1403 ma-

147 1433 277 1497 ioribus
302 1435 337 1497 et
359 1431 560 1497 necessariis
583 1432 620 1495 in
641 1432 772 1497 domini
795 1433 968 1515 potestate
992 1430 1058 1495 erit
1080 1429 1270 1512 infringere

148 1525 210 1585 aut
233 1520 388 1586 stabilire
411 1521 600 1606 negotium.

532 1690 632 1748 nnn.
663 1688 877 1760 turmula.

193 1804 236 1869 Si
271 1824 422 1870 servus
456 1804 665 1869 venditus
702 1804 748 1867 in
782 1803 972 1887 priorem
1007 1800 1226 1866 dominum

523 1893 686 1957 crimen
717 1891 895 1956 obiciat.

256 1998 293 2062 Si
323 1999 399 2082 quis
429 2018 565 2063 servum
601 2018 701 2061 suum
729 1996 939 2073 vendiderit,
976 1999 1012 2060 et
1045 1995 1119 2078 ipse
1154 2012 1271 2057 servus

149 2087 255 2170 priori
285 2086 424 2150 domino
454 2079 620 2169 aliquodb
648 2086 778 2149 crimen
805 2083 980 2161 obiecerit,
1011 2081 1082 2158 ille,
1112 2081 1173 2165 qui
1194 2102 1273 2145 ven·

150 2174 249 2251 didit,
272 2174 419 2257 recipiat
441 2193 545 2257 quem
567 2173 781 2250 vendiderat,
810 2172 959 2255 pretium
982 2170 1183 2236 redditurus
1208 2191 1273 2234 em·

149 2262 227 2340 tori,
258 2264 319 2325 ute
346 2262 420 2345 ipse
443 2262 481 2324 in
503 2281 600 2327 servo
624 2281 686 2325 suo
710 2261 849 2338 crimen,
880 2260 973 2386 quod
1003 2260 1069 2323 sibi
1099 2258 1273 2323 obiectum

151 2352 212 2427 est,
241 2349 414 2433 inquirere
436 2349 493 2415 vel
515 2350 691 2415 vindicare
718 2349 873 2414 istudeat
904 2395 911 2410 .
958 2348 1003 2412 Id
1030 2350 1147 2412 autem
1171 2347 1272 2412 etde

151 2437 287 2503 ancillis
321 2439 530 2523 precipimus
565 2439 741 2503 custodiri.
793 2438 893 2502 Idem
922 2439 1040 2502 tamen
1070 2455 1188 2501 servus
1216 2434 1272 2500 vel

151 2526 287 2605 ancilla,
317 2547 378 2592 seu
399 2527 542 2606 venditi,
572 2528 642 2592 sive
666 2527 787 2591 donati
808 2525 865 2592 vel
888 2526 1101 2604 commutati,
1125 2525 1163 2587 in
1186 2525 1273 2608 prio·

150 2637 227 2679 rum
254 2615 471 2680 dominorum
495 2616 609 2699 capite
631 2636 702 2680 non
724 2617 962 2699 torqueantur,
992 2634 1104 2696 neque
1135 2613 1274 2678 credan-

149 2707 207 2767 tur
230 2704 289 2783 eis,
313 2706 343 2768 si
365 2705 538 2789 prioribus
562 2704 710 2769 dominis
734 2705 865 2769 crimen
888 2703 1088 2769 obiecerint.

553 2891 618 2949 XV.
649 2891 826 2961 ANTIQUA
836 2902 862 2948 ὃ.

150 3004 207 3068 Ut
235 3005 351 3068 servi
378 3005 553 3069 venditi
582 3004 848 3069 facultatem
877 3004 1076 3068 dominus
1107 3005 1272 3086 querat.

259 3108 297 3172 Si
312 3110 388 3193 quis
404 3129 541 3175 servum
556 3129 658 3173 suum
672 3109 876 3187 vendiderit,
902 3109 975 3174 eius
995 3109 1151 3174 nesciens
1166 3106 1273 3171 facul·

151 3200 275 3274 tatem,
306 3197 450 3262 habebit
479 3197 677 3281 inquirendi
706 3197 853 3262 liberam
882 3199 1105 3281 potestatem,
1137 3199 1178 3258 ut
1208 3195 1274 3258 sibi

150 3284 404 3438 gurgicppniililtq,
437 3286 498 3369 qui
527 3285 694 3363 vendidit,
726 3306 803 3350 oum
834 3285 988 3368 potuerit
1017 3284 1171 3349 invenire
1201 3304 1274 3347 rem

547 3544 627 3601 xvi.
658 3543 872 3614 ANTIQUAa.

289 3655 332 3721 Si
356 3677 506 3722 servus
530 3658 589 3722 sit
612 3658 662 3723 de
686 3678 761 3722 suo
784 3655 961 3742 peculio
986 3658 1135 3720 emtus.

260 3755 321 3827 Sib
355 3783 473 3828 servus
509 3765 551 3830 de
582 3785 644 3828 suo
673 3763 811 3848 peculio
841 3762 949 3828 fuerit
979 3764 1105 3840 emtus,
1143 3764 1178 3826 et
1207 3761 1274 3825 hoc

153 3851 312 3915 dominus
342 3852 415 3916 eius
445 3852 537 3917 forte
566 3853 742 3930 nescierit,
779 3853 822 3916 de
853 3851 983 3916 domini
1018 3850 1071 3914 sui
1101 3852 1274 3934 potestate

152 3960 222 4004 non
246 3943 360 4017 exeat3
386 3941 468 4023 quia
482 3962 552 4005 non
568 3942 729 4024 pretium,
754 3941 814 4006 sed
836 3960 892 4004 res
915 3939 1005 4005 servi
1027 3938 1081 4002 sui
1105 3939 1273 4015 dominus,

153 4029 235 4092 dum
258 4028 405 4111 ignorat,
431 4029 575 4114 accepit.

260 4235 336 4280 XIIII.
376 4239 398 4285 a)
412 4236 469 4275 deest
482 4237 532 4280 aa.
585 4235 610 4288 b)
623 4237 699 4287 aliquo
713 4238 760 4281 121.
815 4238 835 4286 c)
850 4240 873 4277 et
887 4237 934 4280 Bl.
988 4233 1011 4285 d)
1026 4232 1179 4278 studeam.

259 4290 320 4386 {IL
348 4290 515 4391 Ἧῖιξειῌὶίἳὲ.
583 4343 607 4392 b)
620 4344 677 4383 dccet
691 4343 930 4392 aucmentacione
943 4353 991 4382 cum
1005 4342 1094 4381 rubrica
1107 4340 1213 4391 aqueum
1226 4340 1247 4378 R
1256 4340 1276 4384 2.

1283 3115 1309 3134 =
1320 3098 1369 3142 Cod.
1376 3100 1430 3138 Eur.

1330 3153 1376 3195 291.

1283 3771 1310 3790 =
1320 3754 1369 3796 Cod.
1376 3755 1431 3797 Eur.

1331 3808 1377 3851 292.
