3000 4934
342 383 419 438 LEX
437 383 552 442 VISIG.
571 382 841 441 Rucoussvmn.
878 382 960 454 VIII,
979 389 1006 441 4.
1184 389 1237 442 243

272 568 315 630 X.
352 567 674 650 &qualiacumque
705 568 870 631 animalia
899 567 1034 631 trituris
1059 589 1137 632 aree
1160 569 1237 632 fati-

252 744 315 807 ΧΙ.
352 659 510 828 {lblebrus
526 746 654 827 absque
676 745 801 808 damno
824 746 860 808 in
877 745 1050 809 clusuram
1066 745 1236 809 mittatur.

232 833 316 896 XII.
353 833 390 896 si
406 834 534 896 animal
551 834 754 917 cuicumque
770 834 879 898 faciat
895 834 1133 916 quodcumque
1148 834 1237 897 dam·

209 1010 313 1073 XIII.
350 943 638 1114 gldbldldcumque
652 1011 779 1074 animal
792 1031 1007 1094 quacumque
1019 1011 1237 1094 percussione

190 1187 314 1250 XIIII.
352 1099 677 1272 gilbdldfidsllblienum
694 1188 823 1252 sciente
840 1209 884 1250 an
900 1188 1082 1271 ignorante
1099 1187 1237 1252 domino

351 1276 473 1360 gregin
501 1276 664 1341 alterius⁰
693 1277 887 1340 misceatur.

240 1364 315 1427 XV.
352 1364 388 1428 si
413 1365 555 1428 animali
577 1365 817 1447 quodcumque
837 1365 1001 1448 pavidum
1025 1365 1236 1447 inlegeturl',

352 1473 412 1556 pter
428 1454 541 1536 quod(l
561 1456 724 1537 ruptumq
752 1457 813 1516 aut
831 1453 1034 1517 debilitetur
1060 1448 1150 1535 [autr
1171 1473 1237 1516 mo·
1261 1470 1265 1478 ·

220 1629 316 1693 XVI.
351 1536 575 1695 1gialt‘ru'tlbsum
599 1630 737 1708 animal,
763 1652 841 1694 oum
865 1634 951 1715 aput
975 1631 1152 1694 dominum
1174 1634 1235 1708 est,

352 1720 615 1844 cuiuscumque⁸
637 1719 760 1784 etatis⁸
789 1720 984 1785 hominemr
1005 1719 1169 1783 occidisse
1192 1719 1238 1783 vi-

198 1896 314 1959 xvu.
351 1809 546 1960 dlalllniu
573 1897 736 1961 vitiosum
767 1898 842 1979 quis
873 1918 894 1960 a
921 1917 956 1961 se
980 1896 1134 1959 habiens
1157 1895 1231 1959 ven

350 1989 439 2049 non⁸
468 1986 661 2049 abiectum⁸
693 1979 897 2067 [retineatfl.

179 2073 315 2136 XVIII.
352 2070 438 2138 Suet
472 2073 671 2138 habendum
702 2073 812 2156 culpe,
844 2073 874 2137 si
903 2072 1078 2135 irritatum
1108 2071 1237 2134 animal

350 2165 497 2225 noceat⁰
525 2162 731 2225 irritantem.

158 2248 315 2312 XVIIII.
352 2249 388 2313 Si
418 2250 507 2315 iuste
538 2270 582 2313 an
612 2250 740 2315 iniuste
771 2249 965 2314 concitatus
996 2250 1090 2312 canis
1124 2268 1237 2331 quem-

351 2339 443 2422 piam
467 2339 666 2403 debilitasse
693 2334 777 2421 [velr
801 2338 964 2403 occidisse
989 2332 1201 2422 probaturfl.

237 2427 314 2490 XX.
351 2426 404 2492 De
429 2447 513 2492 cane
538 2428 779 2491 damnosumu.

218 2516 316 2578 XXI.
353 2516 405 2581 De
429 2516 558 2582 lesione
580 2516 695 2581 vestis.

196 2605 314 2667 XXII.
351 2605 388 2670 Si
415 2605 658 2671 fraudulenter
681 2605 757 2689 quis
781 2605 962 2670 ambulans
986 2607 1041 2669 in⁸
1071 2605 1231 2688 laqueos⁸

352 2690 464 2776 [ferisr
492 2697 693 2779 preparatos
716 2688 894 2775 incidatrl.

173 2782 312 2846 XXIII.
348 2783 406 2857 Ut,
439 2784 498 2866 qui
521 2783 662 2866 laqueos
685 2783 769 2847 feris
793 2783 900 2866 ponit,
926 2785 987 2848 etv
1015 2783 1091 2847 loca
1115 2783 1236 2847 discer-

348 2874 419 2947 nat,
447 2867 512 2952 linr
531 2871 656 2953 quibus
672 2873 789 2954 ponat,
807 2874 843 2936 et
858 2871 988 2935 vicinos
1005 2864 1235 2950 admoneatfl.

153 2959 313 3022 XXIIII.
349 2959 402 3023 De
427 2959 562 3022 damnis
584 2959 652 3023 iter
675 2958 854 3042 publicum
877 2959 1169 3024 concludentium.

203 3047 312 3110 XXV.
349 3046 401 3150 De
431 3047 704 3111 reservandumw
732 3047 922 3131 ispatium¹
948 3048 1047 3111 iuxta
1075 3047 1148 3110 vias
1178 3067 1236 3131 pu·

184 3223 314 3286 XXVI.
350 3135 467 3288 lsllwdaes
478 3224 607 3307 campis
630 3224 835 3289 vacantibus
865 3224 932 3288 iter
960 3225 1139 3308 agentium
1167 3224 1236 3287 ani·

349 3311 454 3375 malia
479 3307 753 3395 [expellantur‘l

162 3400 312 3464 XXVII.
348 3400 401 3466 Ne
432 3401 498 3466 iter
528 3400 711 3485 agentibus
741 3420 869 3486 pascua
898 3422 969 3466 non
999 3401 1162 3465 conclusa
1183 3421 1236 3465 ve·

141 3578 312 3642 XXVIII.
347 3492 490 3662 thtbtii
513 3579 551 3641 in
566 3579 752 3642 transitum
776 3577 927 3643 fluminis
948 3578 1123 3644 culturam
1138 3578 1235 3656 facit,

350 3664 532 3751 [laboremr
560 3687 640 3752 sepe
664 3663 901 3750 circumdetfl.

119 3756 310 3820 XXVIIII.
346 3757 399 3822 De
424 3757 629 3822 discretione
654 3756 970 3822 concludendorum
994 3755 1186 3820 fluminum.

198 3846 309 3908 XXX.
346 3846 399 3910 De
428 3846 727 3930 confringentibus
755 3845 913 3909 mulinay
940 3849 975 3910 et
999 3845 1235 3910 conclusiones

178 4022 311 4085 XXXI.
347 3955 622 4087 llqeultlltlntibus
646 4043 752 4106 aquas
776 4043 817 4088 ex
841 4023 1041 4088 decursibus
1066 4022 1197 4087 alienis.

219 4212 243 4260 n)
256 4212 280 4251 ln
295 4223 362 4262 grego
376 4212 422 4254 121.
497 4214 519 4260 o)
534 4212 619 4262 reliqua
633 4212 872 4262 mercennariam
886 4212 906 4251 Β
915 4212 935 4254 2.
1010 4214 1033 4261 p)
1047 4210 1173 4250 inlicitetur
1186 4210 1206 4249 B
1215 4211 1234 4253 8.

225 4265 267 4314 ru'p
281 4266 332 4314 Βὶς
355 4271 485 4314 corruptum
499 4266 548 4308 Μ.
623 4267 642 4313 r)
656 4266 713 4304 duct
727 4266 773 4309 121.
783 4267 802 4308 2.
870 4267 889 4313 s)
903 4265 960 4305 aun
974 4265 1020 4308 131.
1089 4266 1106 4312 t)
1121 4264 1174 4304 suo
1188 4263 1234 4306 121.

112 4267 136 4366 ll
150 4262 256 4358 llbloao
271 4319 320 4362 122.
374 4322 397 4367 v)
412 4323 435 4359 st
449 4318 463 4361 l.
477 4315 500 4362 d.
513 4318 557 4362 des.
571 4318 618 4362 121.
672 4320 702 4367 w)
715 4319 748 4357 tta
762 4319 814 4370 1³¹3
834 4315 972 4359 resonando
987 4317 1039 4368 11:15
1058 4315 1171 4357 servando
1185 4317 1205 4356 B
1214 4316 1235 4360 2.

111 4373 135 4420 ι)
148 4371 221 4421 spatio
236 4371 285 4414 122.
339 4374 363 4424 y)
377 4372 460 4412 molina
474 4372 525 4415 Η.

968 4457 1018 4514 lo*
