3000 4934
245 351 298 404 208
434 346 513 401 LEX
531 345 646 402 VISIG.
665 345 933 402 REOOESSVIND,
970 345 1037 414 VII,
1056 349 1081 415 2,
1100 348 1180 402 5-8.

245 530 358 605 ierim,
395 529 484 592 hanc
516 527 787 611 conpositionem
818 549 887 591 non
917 549 1066 605 servum,
1099 529 1158 592 sed
1190 529 1370 592 dominum

246 618 388 701 implere
418 617 591 694 iubemus;
622 617 673 680 ita
702 621 830 694 tamen,
861 621 902 680 ut
933 611 1113 680 dominus‘i
1146 618 1244 681 iuxta
1275 618 1370 700 leges

246 706 437 789 Oflagellis
461 704 598 789 publice
621 706 845 788 fustigetur0.
893 705 1016 769 Servus
1047 709 1164 768 autem
1194 707 1272 770 ideo
1302 708 1370 771 erit

245 795 426 871 indemnis,
452 794 532 876 quia
555 795 686 857 domini
708 793 859 858 iubentis
883 787 1059 858 obedibitf
1086 795 1237 878 inperiis.

658 964 709 1020 vr.
742 963 953 1033 ANTIQUAa.

298 1078 341 1141 Si
376 1097 524 1141 servus
560 1077 732 1227 alienqs
767 1070 1006 1141 suadaturb
1050 1078 1100 1140 ad
1135 1077 1318 1141 inlicita

718 1166 911 1230 acienda.

353 1272 411 1336 811
435 1273 510 1356 quis
535 1292 669 1336 servum
692 1271 844 1335 alienum
868 1273 912 1334 ad
935 1272 1069 1334 furtum
1084 1272 1283 1336 faciendum
1307 1277 1370 1336 aut

246 1362 331 1425 alias
362 1382 594 1445 quascumque
623 1380 677 1425 res
706 1361 858 1424 inlicitas
889 1361 1143 1424 conmittendas
1173 1361 1229 1426 vel
1262 1362 1370 1425 etiam

246 1452 408 1515 adversus
439 1471 474 1514 se
498 1451 612 1534 ipsum
640 1449 787 1513 fortasse
818 1450 1035 1533 persuaserit,
1067 1452 1107 1512 ut
1131 1450 1270 1514 domino
1294 1451 1369 1514 eius

245 1540 474 1623 perditionem
505 1539 650 1614 exibeat,
685 1539 776 1620 quod
806 1538 944 1602 facilius
975 1558 1055 1602 eum
1084 1557 1145 1622 per
1174 1540 1302 1602 malam
1333 1542 1370 1603 et

245 1628 399 1710 iniquam
428 1628 683 1711 persuasionem
714 1627 759 1689 ad
788 1647 889 1690 suum
919 1627 1097 1690 servitium
1127 1627 1369 1692 fraudulenter

245 1717 399 1795 addicat,
431 1720 467 1780 et
496 1716 591 1779 fraus
622 1716 698 1799 ipsa
727 1715 849 1779 iudicis
879 1715 986 1780 fuerit
1016 1716 1282 1797 investigatione
1314 1717 1369 1780 de·

244 1807 354 1869 tecta:
388 1805 545 1868 dominus
576 1805 665 1867 servi
695 1824 758 1868 nec
786 1825 922 1868 servum
950 1805 1073 1888 perdat
1096 1824 1160 1868 nec
1183 1804 1292 1867 ullam
1316 1825 1369 1868 ca-

245 1893 412 1956 lumniam
435 1894 671 1976 pertimescat;
703 1894 764 1957 sed
793 1894 875 1977 ipse,
908 1893 1004 1957 cuius
1031 1893 1192 1956 conludio
1215 1894 1270 1957 vel
1294 1914 1369 1957 sua-

246 1984 341 2047 sione
365 2001 482 2046 servus
506 1982 635 2046 crimen
658 1982 853 2056 admiserat,
877 1985 918 2044 ut
942 2001 1020 2045 eum
1043 1982 1108 2045 sibi
1132 2001 1193 2066 per
1216 1981 1369 2064 aliquam

246 2072 504 2135 hoccasionem⁰
533 2072 577 2134 ad
601 2071 778 2135 servitium
801 2071 970 2154 potuisset
994 2071 1162 2146 addicere,
1192 2072 1264 2155 ipse
1293 2071 1369 2135 eius

246 2161 334 2225 servi
365 2161 513 2237 domino,
550 2162 719 2242 quantum
753 2159 813 2223 ille
848 2158 1067 2235 involarent,
1104 2163 1165 2222 aut
1199 2163 1370 2242 quantum

246 2243 475 2332 culpavilem‘1
501 2269 574 2312 rem
598 2249 784 2326 admiserit,
817 2248 996 2332 septuploe
1026 2248 1296 2332 conpositionem
1319 2248 1370 2311 in-

245 2337 340 2421 plere
365 2339 517 2420 cogatur.
565 2337 644 2420 Ipse
675 2340 792 2400 autem
822 2357 939 2400 servus
969 2337 1006 2398 in
1034 2339 1207 2401 conventu
1230 2337 1370 2420 publice

246 2436 268 2490 0
291 2425 431 2508 flagella
458 2426 623 2508 suscipiat
653 2445 714 2508 pro
742 2446 792 2501 eo,
822 2427 913 2507 quod
942 2426 1120 2489 dominum
1143 2446 1243 2488 suum
1267 2426 1369 2509 dispi-

247 2514 340 2577 ciens
367 2514 548 2577 insidianti
576 2517 812 2592 consenserat;
845 2517 880 2578 et
909 2514 956 2577 sic
984 2515 1205 2597 postmodum
1228 2515 1369 2578 domino

246 2623 308 2666 suo
331 2603 507 2666 reddatur.

648 2683 715 2741 VII.
746 2683 958 2754 ANTIQUAa.

297 2796 357 2860 De
387 2797 471 2875 his,
503 2798 575 2879 qui
607 2817 698 2860 cum
727 2797 902 2861 furibus
934 2798 1102 2861 conscii
1131 2798 1314 2862 fuerint.

351 2903 454 2967 Non²
477 2903 589 2968 solum
604 2903 673 2982 ille,
699 2905 758 2987 qui
780 2905 915 2967 furtum
929 2904 1063 2981 fecerit,
1088 2905 1149 2969 sed
1173 2905 1279 2968 etiam
1302 2898 1362 2969 etb

245 2993 449 3076 quicumque
473 2994 629 3057 conscius
652 2993 761 3058 fuerit
783 2992 840 3057 vel
866 2993 953 3056 furti
982 2992 1101 3057 ablata
1124 2993 1234 3056 sciens
1258 3013 1367 3057 susce-

244 3082 571 3235 pquiichraqtpumero
592 3082 787 3146 furantium
810 3082 1000 3146 habeatur⁰
1026 3086 1061 3146 et
1085 3082 1188 3145 simili
1211 3083 1368 3147 vindicta

326 3341 409 3400 VIH.
439 3342 608 3398 FLAVIUS
627 3341 841 3398 GLORIOSUS
860 3340 1169 3398 REOOESSVINDUS
1188 3341 1276 3398 REX.

311 3454 355 3519 Si
389 3457 438 3520 de
473 3456 571 3521 fure
606 3457 701 3539 quis
735 3456 938 3519 nesciens
974 3454 1297 3538 conparaverit.

350 3562 576 3627 Universam3
597 3582 671 3626 rem
693 3562 782 3625 nulli
810 3563 960 3644 ingenuo
988 3561 1094 3626 liceat
1122 3563 1164 3626 dc
1187 3561 1365 3644 incognito

243 3651 382 3715 homine
411 3670 607 3734 conparare,
638 3651 707 3714 nisi
735 3654 827 3715 certe
850 3652 1085 3717 fideiussorem
1108 3651 1282 3728 adhibeat,
1308 3650 1366 3713 cui

350 3825 370 3871 c)
384 3823 453 3862 ierint
466 3823 513 3864 121.
568 3821 592 3872 d)
606 3820 721 3862 dominum
734 3824 781 3864 ΕΙ,
835 3825 856 3871 e)
870 3824 1008 3873 fustigentur
1021 3824 1068 3866 121.
1122 3819 1256 3872 nobedivit
1269 3822 1318 3865 ΒΞ.

349 3876 388 3918 VI.
435 3879 457 3925 a)
475 3877 532 3915 dccet
550 3876 599 3920 122.
678 3877 701 3924 b)
719 3877 752 3915 ita
769 3878 821 3928 1213
842 3875 1005 3920 radatur-122.
1087 3878 1108 3925 c)
1126 3877 1298 3926 occupationem
1315 3876 1365 3918 Ra.

242 3927 266 3978 d)
280 3929 415 3977 culpabilem
428 3930 449 3968 R
457 3929 477 3971 2.
532 3931 553 3977 e)
567 3930 696 3979 septuplum
709 3931 730 3969 R
739 3931 758 3972 2.

349 3983 399 4025 VII.
439 3985 462 4031 a)
476 3983 533 4022 accat
546 3984 595 4026 122.
658 3984 681 4031 b)
695 3983 735 4032 qui
749 3994 800 4023 cum
814 3993 840 4023 eo
850 3995 896 4032 pro
910 3987 934 4024 et
948 3995 969 4032 q.
983 3984 1031 4026 122.
1096 3985 1116 4031 c)
1130 3983 1258 4022 habeantur
1272 4003 1298 4012 -
1312 3981 1365 4022 sub·

241 4035 332 4075 iaceant
345 4037 391 4078 Rl.

168 4215 172 4222 -
242 4179 268 4243 1)
286 4179 359 4230 Haec
378 4179 421 4231 lex
438 4181 468 4230 in
480 4179 575 4245 Lepem
587 4180 684 4234 Baiae.
698 4182 723 4245 9,
737 4181 763 4234 6.
781 4187 883 4247 recepto
902 4186 948 4234 eat.
977 4179 1017 4244 Cf.
1031 4179 1161 4231 Brunncr
1174 4179 1191 4232 l.
1204 4194 1225 4232 c.
1281 4177 1308 4244 2)
1321 4178 1363 4242 Of.

241 4251 272 4304 L.
292 4251 388 4304 Baiuc.
408 4253 497 4315 9,15,·
522 4252 651 4303 Brunner
670 4252 687 4305 l.
706 4268 727 4306 c.
750 4269 779 4318 p.
799 4253 860 4306 579.
956 4251 983 4318 3)
1001 4251 1074 4302 Haec
1094 4251 1137 4302 lea
1154 4256 1258 4316 recepta
1276 4255 1314 4302 cst
1332 4251 1362 4300 in

240 4322 334 4387 Lepem
352 4322 449 4377 Baiae.
468 4325 493 4388 9,
509 4327 539 4385 7,·
556 4324 591 4387 cf.
610 4323 676 4377 ibid.
694 4323 779 4390 9,13.
