3000 4934
268 368 322 421 370

305 540 397 594 fensor
422 547 465 595 etr.
494 544 544 608 553
572 540 742 592 numerarius
767 540 811 592 vel

305 610 432 664 defensor
451 615 516 679 297;
535 611 685 664 numerarii
702 611 746 664 vel
765 610 811 663 de-

305 682 426 736 fensores
442 698 533 735 annua
544 683 604 734 vice
617 685 758 734 mutantur
776 682 811 736 ib.

268 770 410 806 nummus:
431 752 510 806 solidi
528 753 634 805 nummi
651 755 695 807 82.

268 825 394 877 nuntius:
419 824 441 876 si
459 823 543 876 iudex
561 823 666 876 miserit
683 823 811 875 nuntium

269 966 397 1034 nuptiae:
416 964 450 1018 de
462 964 564 1032 nuptiis
577 963 692 1017 definire
710 967 758 1032 87;
777 963 812 1016 (10

304 1055 331 1091 n.
369 1034 491 1089 definitio
528 1039 578 1104 88;
622 1035 812 1103 dispositiones

305 1107 464 1175 nuptiarum
485 1109 535 1174 85;
561 1109 686 1174 tempore
704 1107 811 1174 nuptia·

304 1196 367 1231 rum
380 1178 453 1246 dare,
468 1177 577 1243 donare,
594 1194 751 1245 promerere
767 1183 811 1231 etc.

307 1252 348 1304 14.
373 1252 433 1304 132.
459 1251 524 1316 141;
551 1265 665 1317 sponsus
688 1252 812 1316 tempore

305 1338 332 1375 n.
351 1321 484 1388 scripture
503 1321 547 1372 vel
572 1319 735 1372 sacramenti
754 1320 812 1371 vin·

306 1391 367 1444 culo
380 1391 515 1460 alligatus,
535 1407 563 1443 se
579 1407 677 1458 sponse
696 1390 813 1458 amplius

306 1462 434 1515 daturum
457 1466 505 1530 903
532 1465 597 1514 ante
622 1462 731 1529 nuptias
757 1461 813 1515 sive

306 1537 368 1601 post
392 1533 514 1601 nuptias,
542 1533 622 1585 titulo
651 1532 722 1585 dotis
750 1549 813 1585 con·

307 1603 432 1671 scribere,
456 1604 638 1659 1101010115.
660 1606 724 1671 141;
748 1620 812 1656 con-

307 1674 448 1727 stitutione
468 1673 539 1726 dotis
557 1675 678 1741 impleta,
705 1675 812 1742 nuptia-

306 1763 369 1798 rum
395 1749 543 1814 peragatur
574 1744 643 1797 festa
671 1745 813 1798 celebritas

306 1820 356 1885 88;
382 1834 399 1868 a
424 1815 468 1869 die
493 1815 644 1884 sponsionis
667 1832 753 1883 usque
779 1816 814 1868 ad

306 1887 464 1955 nuptiarum
495 1887 568 1940 diem
604 1904 660 1939 non
697 1887 814 1955 amplius

307 1975 389 2026 quam
414 1959 555 2011 biennium
579 1961 738 2026 expectetur
763 1962 813 2026 893

270 2047 273 2054 ·
307 2029 416 2097 nuptias
447 2029 612 2098 suspendere
645 2033 695 2097 92;
733 2029 813 2081 nullis

306 2101 408 2168 nuptiis
422 2101 542 2168 copulati
556 2104 620 2169 127;
640 2101 673 2153 de
690 2100 813 2154 divortiis

307 2172 465 2239 nuptiarum
486 2175 552 2240 116;
578 2175 667 2224 mater
690 2171 725 2224 ad
748 2171 814 2223 alias

306 2243 416 2310 nuptias
443 2243 514 2296 forte
541 2243 675 2296 transiens
702 2246 744 2297 16.
771 2246 814 2297 92.

271 2384 414 2451 nuptialis:
428 2382 497 2436 festa
509 2385 642 2451 nuptialia
654 2387 722 2452 2033
735 2383 814 2437 fedus

308 2453 431 2521 nuptiale
450 2455 483 2508 ib.

272 2528 388 2592 nuptus:
408 2524 506 2592 nuptui
524 2525 633 2577 tradere
651 2529 694 2580 87.
714 2527 756 2581 99.

271 2613 357 2649 nurus
378 2598 439 2651 261.

272 2668 377 2720 nutrire
395 2666 570 2734 infantulum,
595 2665 729 2720 infantem
754 2671 814 2723 138.

271 2739 386 2791 nutritio
404 2737 533 2790 infantuli
552 2741 611 2794 138.

520 2920 565 2974 0.

272 3023 375 3075 oblatio
393 3026 538 3090 pareutum
559 3024 618 3078 114.

272 3093 409 3162 obligare:
437 3110 480 3146 res
509 3097 536 3146 et
560 3108 706 3161 personam
734 3093 815 3144 simul

308 3165 431 3233 obligare
458 3167 508 3230 803
536 3165 635 3234 pignus
660 3163 815 3232 depositum

307 3253 356 3304 per
384 3236 539 3288 cautionem
566 3235 719 3305 obligatum
747 3237 814 3300 1653

308 3311 371 3359 ante
396 3306 516 3360 iudicem
541 3323 570 3360 se
595 3307 722 3359 cautione
747 3307 815 3360 obli-

307 3395 373 3446 gare
386 3381 435 3446 693
450 3395 478 3430 se
490 3378 653 3446 placitorum
667 3376 815 3446 scripturis,

307 3466 357 3517 per
383 3449 516 3516 placitum
544 3449 666 3517 obligare
691 3453 738 3515 773
765 3465 816 3516 per

307 3520 402 3588 placiti
426 3520 567 3573 vinculum
593 3537 608 3572 a
632 3519 722 3573 iudice
747 3520 815 3573 obli·

307 3591 413 3660 gandus
441 3595 490 3658 683
519 3592 694 3645 sacramentis
723 3608 815 3644 coram

308 3661 398 3715 iudice
417 3679 445 3714 se
462 3663 583 3732 obligare
601 3667 651 3728 493
670 3680 721 3730 per
732 3662 815 3730 scrip·

308 3736 369 3784 ture
388 3733 486 3785 seriem
505 3733 609 3800 aliquos
628 3735 682 3787 obl.
701 3737 763 3788 222.

273 3803 419 3874 obligatio:
446 3803 644 3872 obligationum
669 3804 816 3871 scripturas

309 3874 418 3942 exigere
451 3877 516 3940 1353
548 3874 681 3941 scriptura
712 3875 815 3943 obliga-

308 3944 390 3997 tionis
410 3948 469 4000 136.

273 4018 461 4070 obmutescere
481 4019 541 4072 183.

273 4088 407 4142 obnoxius
427 4090 635 4144 157.165.189.
655 4091 720 4154 306;
738 4087 816 4156 gravi

309 4160 388 4227 culpa
401 4161 463 4215 obn.
478 4163 544 4225 1383
563 4176 613 4228 pro
632 4158 816 4212 satisfactione

309 4232 371 4287 obn.
399 4235 460 4287 204.
488 4235 554 4299 2273
582 4247 725 4284 causarum
753 4232 814 4286 obn.

310 4305 361 4358 166
373 4320 412 4370 sq.

486 362 543 419 HI.
578 362 700 417 INDEX
719 361 858 417 RERUM
875 361 925 416 ΕΤ
944 361 1168 417 VERBORUM.

848 539 1038 607 obpignorare,
1061 539 1243 608 oppignerare
1267 544 1310 596 10.
1332 544 1391 597 154.

848 610 961 677 obsequi
980 613 1039 666 149.

848 682 1023 749 obsequium:
1050 681 1106 736 obs.
1127 681 1192 748 (vel)
1208 682 1392 749 patrocinium

885 755 1023 820 174.186;
1042 753 1151 820 patroni
1170 753 1332 819 obsequium
1346 757 1391 821 133

883 823 953 875 nulli
978 823 1108 891 obsequio
1133 829 1271 876 reservato
1297 841 1392 876 manu-

883 894 994 946 mittere
1006 898 1072 962 3083
1086 911 1162 946 arma
1172 895 1332 962 (saionibus)
1342 913 1392 963 pro

885 966 1015 1032 obsequio
1038 965 1110 1029 data,
1137 964 1238 1017 donata
1262 970 1305 1022 13.
1326 969 1392 1034 149;

884 1036 913 1088 in
932 1036 1093 1102 obsequium
1115 1036 1246 1089 ecclesiae
1264 1053 1392 1090 conmen-

885 1106 951 1174 dati,
976 1107 1112 1175 obsequiis
1137 1108 1267 1160 ecclesiae
1292 1108 1392 1161 manci-

884 1178 942 1245 pati
962 1181 1021 1233 144.
1042 1180 1102 1233 145.

850 1249 1008 1317 obsignare:
1045 1249 1157 1301 domum
1187 1249 1305 1302 alienam
1336 1249 1392 1301 sine

885 1320 957 1388 regis
985 1321 1029 1373 vel
1059 1318 1156 1372 iudicis
1186 1319 1305 1373 iussione
1336 1322 1392 1374 obs.

885 1394 953 1458 228;
982 1390 1064 1443 anulo
1092 1391 1190 1443 iudicis
1219 1394 1266 1443 aut
1294 1391 1392 1444 saionis

885 1462 956 1514 ostia
996 1462 1139 1530 obsignata
1179 1464 1248 1529 286;
1295 1463 1393 1515 saionis

886 1533 968 1585 anulo
981 1533 1155 1602 obsignatum
1167 1537 1233 1600 287;
1249 1533 1333 1586 iussio
1347 1534 1393 1587 ob'

850 1607 1098 1801 05Ξ1ΞΞ1118011111113
1114 1691 1164 1742 per
1181 1674 1314 1727 iudicium
1332 1678 1392 1730 227.

850 1817 965 1884 occasio,
991 1816 1115 1869 hoccasio
1139 1819 1183 1872 49.
1208 1820 1250 1872 50.
1271 1820 1392 1872 68183.

888 1891 947 1942 184.
975 1891 1034 1942 193.
1062 1891 1125 1943 222.
1153 1891 1213 1943 250.
1242 1891 1304 1943 251.
1332 1891 1392 1943 262.

886 1962 947 2014 267.
957 1962 1018 2014 291.
1029 1961 1094 2024 3033
1109 1984 1141 2002 =
1155 1961 1270 2011 conditio
1282 1962 1323 2014 12.
1335 1962 1392 2014 147.

851 2029 983 2096 occidere,
1001 2029 1146 2082 hoccidere
1162 2033 1275 2097 possim,
1294 2047 1336 2084 ex.
1352 2048 1393 2096 qr.

887 2104 929 2156 94.
948 2104 1017 2168 273;
1044 2100 1128 2153 iudex
1153 2117 1231 2153 reum
1257 2118 1281 2155 o.
1301 2102 1394 2154 volens

888 2175 947 2227 196.
978 2174 1047 2238 2183
1084 2172 1223 2240 proximos
1256 2172 1394 2240 sanguinis

887 2260 949 2294 suos
978 2259 1002 2296 o.
1031 2246 1092 2298 201.
1120 2246 1187 2310 202;
1219 2242 1264 2294 fur
1291 2243 1394 2296 occisus

887 2317 953 2395 2113
968 2318 1067 2394 'raptor
1079 2330 1104 2395 0.
1119 2316 1186 2381 160;
1205 2315 1315 2395 012197.
1328 2318 1394 2379 2323

887 2383 1394 2523 lattltttlttlttlplt

887 2527 1029 2579 dominum
1056 2526 1153 2578 domus
1183 2526 1341 2579 hoccidere:
1372 2526 1395 2578 si

886 2598 945 2666 ipse
976 2597 1060 2650 fucrit
1090 2598 1207 2660 occisus,
1239 2598 1394 2650 nullatenus

886 2669 1042 2735 requiratur
1073 2672 1139 2736 1853
1177 2668 1282 2720 domini
1319 2672 1395 2722 extra

887 2740 1004 2792 iudicem
1030 2756 1122 2792 servos
1149 2756 1212 2792 suos
1240 2739 1394 2792 occidentes

889 2815 956 2878 1953
976 2827 1068 2863 servus
1087 2810 1186 2862 iniuste
1205 2811 1308 2863 occisus
1327 2814 1393 2877 2303

888 2882 1008 2934 alienum
1044 2898 1152 2933 servum
1187 2882 1231 2934 vel
1268 2881 1394 2934 ancillam

889 2952 1013 3005 occidere
1033 2955 1099 3020 196;
1125 2953 1173 3019 qui
1197 2953 1331 3020 incautus,
1354 2952 1394 3004 in-

888 3023 1029 3092 discretus,
1038 3023 1131 3076 iocans
1140 3024 1304 3091 percussisse
1314 3026 1394 3090 atque

889 3094 1018 3147 occidisse
1028 3094 1185 3162 quempiam
1194 3094 1321 3146 videatur
1332 3097 1393 3162 194;

887 3165 1063 3230 volumtarie,
1093 3182 1149 3218 nou
1180 3182 1244 3218 casu
1271 3165 1394 3218 occidere

890 3240 956 3305 1953
976 3253 1039 3289 casu
1058 3240 1158 3292 0195.
1177 3240 1245 3304 202;
1264 3253 1315 3303 per
1334 3253 1394 3288 cau-

888 3312 945 3359 tam
958 3306 1128 3375 disciplinam
1142 3325 1165 3359 0.
1178 3306 1320 3360 hominem
1331 3311 1394 3375 193;

888 3378 935 3445 qui
953 3379 1048 3432 nolens
1067 3379 1184 3431 alterum
1203 3377 1304 3431 occidit
1331 3382 1394 3445 193;

889 3449 936 3516 qui
963 3450 1086 3504 nesciens
1111 3449 1252 3502 hominem
1278 3466 1304 3504 o.
1329 3453 1394 3516 192;

887 3521 1019 3588 proximis
1045 3521 1126 3574 occisi
1149 3520 1309 3588 parentibus
1332 3536 1395 3574 con·

887 3609 990 3660 ponere
1010 3595 1074 3660 1973
1096 3591 1211 3645 heredes
1230 3591 1312 3644 occisi
1330 3594 1394 3658 2013

888 3663 968 3731 patri,
993 3663 1076 3716 matri
1095 3670 1138 3717 otc.
1164 3663 1324 3731 parentibus
1342 3666 1395 3715 tra·

888 3734 977 3802 datur,
996 3738 1027 3786 ut
1045 3733 1189 3787 occidendi
1200 3737 1249 3786 aut
1259 3731 1397 3787 vendendi

889 3822 951 3858 eum
982 3804 1102 3858 habeant
1132 3808 1297 3872 potestatem
1328 3807 1396 3868 2153

889 3876 978 3944 arbor,
997 3876 1064 3928 dum
1083 3875 1162 3944 cadit,
1186 3876 1307 3943 aliquem
1326 3875 1396 3928 occi-

889 3947 955 4000 dens
982 3951 1050 4016 236;
1080 3978 1112 3986 -
1141 3947 1242 4000 animal
1271 3946 1397 4000 occidere

888 4022 1029 4075 245247.

853 4090 1005 4143 occultare:
1037 4089 1141 4143 crimen
1168 4089 1299 4143 occultati
1326 4088 1398 4142 servi

853 4164 1016 4285 octidllator:
1037 4231 1071 4284 de
1090 4231 1210 4301 fugitivis
1229 4234 1257 4284 et
1276 4232 1398 4284 occulta·

888 4303 992 4357 toribus
1019 4307 1088 4371 260;
1120 4303 1250 4355 damnum
1279 4303 1398 4356 occulta-
