3000 4934
362 359 442 416 LEX
458 357 575 418 VISIG.
593 356 865 415 nnconssvlno.
901 356 938 427 V,
956 359 1079 426 4‚1-4.
1230 357 1282 414 151

198 544 336 609 XVIII.
372 543 409 608 Si
439 563 556 609 servus
589 563 652 627 pro
683 542 825 607 crimine
856 532 1068 624 conumqueb
1101 541 1282 605 contractu

372 633 417 696 ud
440 631 632 697 dominium
653 630 832 696 transierit
855 629 1010 695 alterius.

178 721 337 786 XVIIII.
372 720 425 786 De
455 741 527 785 non
556 719 748 785 alienandis
775 718 989 803 privatorum
1016 720 1052 782 et
1075 716 1278 782 curialium⁰

258 899 336 963 XX.
373 809 489 963 dibdlds
509 896 570 963 ille
585 897 782 962 vendantur
804 899 867 960 aut
890 895 1072 972 donentur,
1096 913 1164 978 que
1186 894 1282 978 prius

371 986 564 1052 debuerant
586 1005 649 1070 per
670 985 840 1049 iudicium
863 977 1052 1048 obtinerid.

235 1075 334 1140 XXI.
370 1075 436 1178 De·
452 1074 632 1158 mancipiis
662 1073 706 1138 ab
735 1072 893 1139 hostibus
924 1071 1100 1155 occupatis
1135 1091 1175 1135 eo
1204 1091 1284 1135 ven-

216 1251 336 1317 XXII.
372 1164 469 1330 {ffia
489 1243 651 1335 presensf
677 1249 766 1315 liber
790 1248 915 1314 debeat
938 1248 1073 1332 pret10⁸
1091 1247 1281 1332 conparari.

586 1454 610 1512 1.
640 1453 857 1523 ANTIQUAa.

192 1571 248 1635 Ut
277 1571 342 1634 itu
368 1568 518 1634 valeat
548 1567 848 1644 commutatio,
880 1567 998 1632 siout
1027 1569 1070 1632 et
1098 1566 1240 1631 emtio.

266 1675 509 1753 CommutatiO,
541 1674 668 1739 sinon
695 1673 803 1739 fuerit
833 1674 987 1758 pervim
1010 1676 1046 1738 et
1069 1677 1201 1738 metum
1230 1666 1439 1764 ex-203’gpfbr·

157 1768 260 1844 torta,
284 1764 392 1830 telem
415 1763 552 1849 qualem
576 1766 611 1828 et
634 1763 740 1829 emtio
763 1761 892 1828 hebeat
915 1762 1126 1828 firmitatem.

576 1933 616 1990 n.
647 1932 861 2003 Armouna.

158 2050 229 2126 Ut,
254 2048 290 2112 si
312 2068 398 2112 non
418 2046 561 2112 fuerit
583 2046 769 2110 idoneus
791 2044 1012 2122 venditor,
1037 2043 1283 2109 fideiussor

647 2134 787 2198 detur.

1292 2231 1440 2276 πωλῶν.

267 2241 305 2305 Si
326 2241 487 2306 venditor
513 2260 584 2303 non
611 2239 658 2303 sit
684 2238 839 2316 idoneus,
867 2231 1082 2323 ingenuumb
1109 2237 1282 2303 fideiusso·
1339 2285 1385 2327 m

159 2350 232 2395 rem
256 2331 337 2395 dure
361 2328 503 2395 debebit
527 2328 659 2407 emtori,
684 2330 720 2393 et
743 2327 849 2393 emtio
872 2326 1000 2392 habeat
1023 2326 1233 2392 firmitatem.

568 2497 624 2556 111.
654 2497 870 2569 Armonna.

279 2612 340 2678 Ne
366 2612 516 2678 valeat
542 2611 766 2678 violenter
795 2611 919 2676 faeta
945 2612 1159 2677 venditio.

266 2719 430 2784 Venditio
447 2739 508 2804 per
523 2710 750 2803 scripturamb
769 2717 867 2783 fanto
882 2717 1021 2803 plenam
1035 2718 1165 2784 habeat
1180 2717 1282 2783 firmi·
1291 2726 1317 2745 ²
1327 2709 1438 2807 wi·

156 2810 277 2874 tutem.
320 2807 492 2886 Ceterum,
517 2808 547 2873 si
570 2808 676 2872 etiam
699 2807 871 2890 seriptum
893 2806 989 2872 faeta
1011 2827 1082 2871 non
1104 2807 1221 2886 fuerit,
1246 2811 1282 2873 et

158 2897 279 2960 datum
302 2897 453 2979 pretium
476 2894 694 2981 presentibus
716 2894 865 2960 testibus
889 2896 1129 2980 conprobetur,
1155 2899 1191 2960 et
1213 2895 1283 2979 ple·

157 3006 242 3048 num
276 2983 405 3049 hebeat
441 2985 546 3049 emtio
579 2982 748 3049 roborem.
795 2982 952 3048 Vinditio
982 3004 1078 3062 vero,
1115 2984 1144 3048 si
1173 2985 1282 3050 fuerit

157 3071 328 3137 violenter
351 3075 386 3136 et
410 3091 470 3156 per
494 3074 625 3137 metum
648 3075 794 3150 extorta,
818 3071 917 3138 nullu
938 3072 1055 3138 valeat
1077 3072 1222 3138 ratione.

442 3258 515 3316 1111.
544 3258 747 3329 nrmoma
768 3257 994 3317 simronm.

160 3372 204 3438 Si
238 3372 350 3437 arris
384 3372 502 3437 detis
536 3372 726 3456 pretium
761 3393 846 3437 non
876 3373 1019 3438 fuerit
1050 3372 1279 3458 inpletum.

266 3478 356 3559 Qui¹
378 3498 472 3544 erras
494 3500 557 3564 pro
573 3499 789 3564 quacumque
811 3499 849 3545 re
872 3481 1053 3564 occeperit,
1077 3480 1115 3545 id
1137 3469 1438 3568 cogatur-edgid*

157 3567 300 3653 inplere,
330 3568 424 3653 quod
450 3568 594 3653 placuit.
640 3567 762 3633 Emtor
783 3587 875 3646 vero,
906 3568 935 3633 si
965 3589 1027 3654 per
1050 3569 1281 3653 egritudinem

158 3660 220 3722 aut
243 3677 383 3742 gravem
404 3657 656 3735 nenessitatem,
688 3657 881 3741 queritari
908 3678 978 3722 non
1005 3661 1205 3743 potuerunt,
1237 3658 1282 3724 ud

264 3847 288 3896 1))
302 3858 444 3896 quocumque
458 3848 508 3891 M.
571 3850 592 3898 e)
607 3847 730 3889 ourislibur
744 3849 792 3892 Rl.
854 3845 878 3897 d)
892 3848 1056 3893 obtinerem.
1117 3851 1138 3897 o)
1153 3846 1218 3898 Quod
1232 3849 1281 3894 122.

158 3901 267 3950 opressa
281 3901 328 3944 Β).
381 3901 515 3951 ωρτοιὶωη
529 3902 577 3944 111.

265 3954 283 3997 Ῑ.
324 3955 417 4002 namt
430 3954 479 3996 122.

265 4006 296 4050 11.
335 4010 358 4056 a)
371 4007 428 4046 clem
442 4008 490 4050 132.
544 4007 568 4056 1))
581 4004 688 4048 idoneum
702 4007 751 4051 122.

265 4060 308 4103 111.
347 4062 370 4108 u)
384 4060 503 4104 mer.
556 4061 579 4110 1))
593 4061 707 4111 scriptura
720 4059 767 4104 131.

266 4113 320 4156 1111.
360 4115 383 4162 a)
397 4113 424 4156 A.
438 4124 481 4157 om.
494 4114 538 4157 des.
552 4114 601 4157 Bt.

160 4254 186 4320 1)
202 4255 268 4321 Lex,
292 4269 359 4322 quae
380 4269 434 4308 non
455 4255 513 4307 εἰπε
534 4270 617 4308 cauea
636 4255 766 4323 ‘Antr'pua
784 4255 933 4309 emendato'
950 4257 1059 4325 dicitur,
1083 4257 1160 4310 valde
1177 4263 1282 4310 mutata

158 4341 191 4377 ex
210 4325 302 4378 Codice
319 4326 419 4378 Rurici
434 4332 537 4394 recepto
554 4332 601 4380 ert.
