3000 4934
192 1229 260 1300 DE
306 1226 638 1300 REMOVENDIS
683 1225 950 1299 PRESSURIS
995 1226 1059 1298 Er
1102 1225 1330 1302 OMNIUM

308 1367 677 1442 HERETIOORUM
712 1366 878 1439 sceris
913 1365 1193 1441 EXTINOTIS.

374 1592 585 1700 LIBER
622 1589 1132 1701 DUODEOIMUs.

244 1847 272 1909 I.
290 1844 503 1909 TITULUS:
536 1843 598 1906 DE
630 1842 949 1908 TEMPERANDO
981 1843 1169 1908 IUDIOIO
1202 1845 1265 1910 ΕΤ

421 1961 423 1967 ’
467 1949 763 2015 REMOVENDA
787 1948 1033 2012 PRESSURA.

286 2077 314 2139 Ι.
351 2077 404 2140 De
421 2075 687 2139 commonitione
704 2073 878 2157 principis,
904 2094 972 2156 qua
992 2074 1140 2152 iubetur,
1166 2079 1208 2138 ut
1231 2077 1323 2141 iudi-

350 2166 442 2227 cium
465 2167 661 2246 temperent
684 2162 825 2226 iudices.
988 2160 992 2167 ’

264 2254 313 2315 ΙΙ.
349 2253 398 2316 Ut
421 2252 539 2315 nullus
561 2272 602 2314 ex
621 2252 684 2327 his,
710 2252 769 2333 qui
793 2251 1000 2334 populorum
1024 2252 1200 2334 accipiunt
1223 2258 1321 2337 pote-

350 2344 475 2404 statem
500 2343 535 2403 et
559 2361 685 2415 curam,
711 2360 943 2422 quoscumque
969 2341 1010 2404 de
1032 2341 1168 2424 populis
1193 2345 1320 2406 autin

349 2428 519 2491 sumtibus
544 2432 605 2491 aut
629 2428 876 2491 indictionibus
900 2429 1092 2510 inquietare
1115 2433 1318 2513 pertemtet.

413 2634 436 2691 I.
468 2634 636 2690 FLAVIUS
657 2633 971 2689 OHINDASVINDUS
991 2635 1079 2691 REX.

188 2748 248 2812 De
283 2749 613 2812 conmonitione
649 2749 880 2831 principis,
919 2768 1000 2830 qua
1034 2749 1229 2828 iubetur,
1269 2756 1317 2816 ut

397 2837 610 2900 iudicium
640 2840 889 2920 temperent
919 2836 1101 2901 iudices.

295 2942 363 3021 Qui
392 2944 611 3008 necessariaa
646 2943 756 3026 culpis
789 2943 968 3005 hominum
998 2944 1217 3008 severitatem
1250 2947 1316 3011 dis-

188 3033 356 3116 ponimus,
387 3033 557 3109 convenit,
587 3036 627 3094 ut
656 3033 731 3096 Deo
762 3031 892 3115 placita
921 3033 1074 3095 remedia
1102 3034 1236 3098 miseris
1265 3036 1316 3098 in·

187 3115 413 3206 pendamusb.
462 3119 685 3185 Obtestamur
712 3122 828 3202 itaque
856 3121 987 3185 iudices
1016 3142 1133 3186 omnes
1158 3128 1315 3189 cunctos·

187 3231 263 3293 que,
293 3210 417 3292 quibus
445 3211 623 3273 iudicandi
652 3214 830 3273 concessa⁰
860 3213 1012 3292 potestas
1042 3215 1102 3288 est,
1134 3215 1225 3276 teste
1249 3214 1315 3277 vir-

186 3303 303 3362 tutum
334 3293 628 3382 omnipotentemd
656 3299 804 3375 Deum0,
834 3318 1077 3362 conmonemus
1109 3300 1153 3363 ad
1176 3301 1314 3365 investi-

187 3390 337 3471 gandam
353 3389 493 3470 quidem
507 3388 558 3451 rei
574 3389 755 3452 veritatem
772 3388 809 3450 in
826 3388 936 3450 causis
953 3389 1112 3452 omnibus
1128 3385 1310 3454 sollerterf

187 3478 333 3540 existere
370 3481 405 3541 et
440 3477 568 3559 absque
604 3498 826 3561 personarum
860 3477 1059 3559 acceptione
1092 3477 1313 3560 negotiorum

187 3566 340 3628 omniurn
365 3567 604 3629 contentiones
629 3567 833 3641 examinare,
860 3566 950 3629 circa
965 3565 1075 3629 victas
1098 3569 1216 3629 tamen
1239 3588 1313 3650 per·

187 3659 314 3717 sonasg
345 3674 384 3717 ac
413 3654 592 3736 presertim
623 3657 825 3735 paupertate
857 3655 1033 3738 depressas
1062 3650 1309 3718 severitatemh

186 3741 273 3823 legis
298 3741 553 3824 aliquantulum
576 3746 779 3825 temperare.
826 3743 915 3805 Nam
941 3743 968 3805 si
992 3743 1029 3805 in
1051 3747 1166 3806 totum
1190 3744 1313 3809 iudicii

186 3830 379 3913 proprietas
410 3825 645 3907 adtendituri,
678 3830 909 3894 misericordie
940 3832 1060 3915 procul
1089 3832 1193 3896 dubio
1217 3854 1312 3897 man-

186 3919 334 3981 suetudo
360 3919 537 3982 deseritur.

292 4127 430 4168 LIB.XII.
471 4127 613 4174 e)XIIR2.

292 4181 349 4223 ΤΙΤ,
365 4182 381 4222 Ι,
404 4182 420 4222 Ι.
448 4181 470 4226 a)
480 4180 630 4220 necessariam
640 4181 687 4220 122.
728 4181 751 4229 b)
765 4179 964 4230 inpendimusltl.
1007 4183 1027 4230 c)
1041 4182 1097 4220 deest
1111 4182 1158 4223 121.
1199 4179 1223 4230 d)
1238 4185 1314 4223 omni-

184 4238 277 4282 potente
291 4235 339 4277 R2.
392 4237 413 4282 e)
428 4232 465 4272 dm
479 4235 530 4284 1113
547 4232 575 4272 do
590 4234 644 4285 R2;
660 4232 751 4274 domino
766 4237 825 4283 cdd.‚·
839 4236 946 4282 intelliqe:
961 4236 1115 4283 omnipotente
1130 4236 1185 4277 Deo.
1234 4235 1253 4288 f)
1267 4239 1313 4277 sol·

184 4288 253 4327 Iertes
267 4288 316 4330 122,
366 4291 389 4336 g)
404 4298 522 4336 presconas
537 4289 584 4330 121.
639 4289 663 4336 h)
676 4289 800 4328 severitate
814 4290 860 4331 131.
915 4289 931 4335 i)
948 4287 1085 4328 attendatur
1099 4288 1147 4331 122.
