3000 4934
253 375 289 428 40
485 367 563 424 LEX
581 366 697 425 visui.
716 364 986 423 modestum).
1022 364 1144 436 11‚1,5.

254 555 457 619 contractuv
484 553 528 616 ad
551 552 604 616 ius
628 551 735 637 ipsius
751 550 946 636 pervenisse
961 549 1125 635 patuerit,
1149 548 1179 614 si
1195 551 1384 635 contingat

254 644 343 708 hecW
366 642 564 706 inordinata
585 639 744 723 relinqui,
769 659 839 703 non
863 639 907 703 ad
930 657 1160 704 successorem
1182 639 1291 722 regni,
1319 642 1383 706 sed

254 733 299 796 ad
328 731 417 795 filios
447 730 530 795 vei¹
563 730 706 795 heredes
735 728 818 805 eius,
850 726 909 810 qui
933 726 1150 809 conquisibit,
1182 727 1382 812 specialiter

253 820 364 885 omnis
392 820 513 884 eadem
542 818 774 901 conquisitiol
800 815 1000 902 pertinebit.
1045 815 1137 880 Nam
1167 819 1203 881 et
1233 817 1276 881 de
1307 817 1380 883 illis

253 909 364 986 rebus,
389 904 515 991 quas?
533 906 651 972 idernl
670 907 828 992 princeps
846 907 927 970 ante
943 925 1089 988 regnum
1105 907 1166 968 aut
1182 924 1224 970 ex
1238 907 1379 991 proprio

254 1001 315 1062 aut
345 1017 386 1062 ex
415 997 620 1061 iustissime²
657 994 871 1078 conquisit0³
912 993 1104 1059 dinoscitur
1140 993 1290 1072 abuisse,
1330 996 1379 1060 in·

252 1085 441 1152 rebocabili
464 1085 584 1150 ordine
608 1088 669 1149 aut
691 1082 844 1149 faciendi
874 1084 967 1165 quod
989 1082 1137 1148 voluerit
1166 1085 1379 1208 potestatem

252 1175 410 1252 habebit,
442 1176 503 1239 aut
533 1177 626 1239 certe
657 1172 738 1237 filiis
768 1171 842 1237 eius
872 1172 1041 1236 successio
1071 1171 1176 1256 piena
1230 1172 1378 1257 patebit.

253 1262 354 1342 Quod
377 1263 406 1328 si
429 1262 493 1326 filii
523 1262 709 1340 defuerint,
740 1260 906 1345 legitimis
936 1261 1121 1326 heredibus
1149 1280 1190 1326 ex
1213 1261 1277 1338 his,
1309 1282 1378 1346 que

251 1352 450 1416 inordinata
465 1351 678 1435 reliquerit⁰‚
702 1350 934 1416 hereditatem
956 1349 1078 1414 hadire
1094 1349 1224 1415 licebit.
1260 1349 1378 1416 Huius

252 1461 333 1505 sane
368 1440 455 1524 legis
490 1434 685 1506 sententia(l
721 1440 760 1502 in
794 1438 876 1503 solis
907 1439 972 1504 erit
1002 1439 1197 1523 principum
1225 1441 1377 1522 negotiis

251 1529 466 1594 observanda
496 1529 608 1612 adque
638 1529 690 1591 ita
719 1527 890 1612 perpetim
919 1527 1083 1605 valitura,
1120 1530 1162 1591 ut
1190 1548 1263 1592 non
1293 1533 1377 1595 ante

251 1617 421 1701 quispiam
456 1616 581 1680 solium
614 1615 751 1700 regale⁰
792 1616 1014 1694 conscendat,
1051 1636 1155 1698 quam
1189 1617 1377 1683 iuramenti

250 1706 368 1769 federe
398 1705 489 1769 hanc
518 1705 632 1788 legem
662 1725 697 1769 se
728 1705 764 1767 in
795 1704 954 1769 omnibus
986 1704 1130 1789 implere
1160 1706 1375 1791 promittat1.

252 1793 509 1877 Quemcumque
531 1813 613 1858 vero
642 1797 704 1858 aut
726 1813 787 1877 per
809 1792 1043 1858 tumultuosas
1074 1793 1192 1878 plebes
1223 1798 1284 1859 aut
1313 1817 1377 1880 per

251 1883 418 1948 absconsa
448 1881 613 1967 dignitati
642 1882 780 1967 puplice
808 1882 1064 1946 macinamenta
1087 1876 1274 1968 adeptumf
1300 1905 1376 1950 esse

251 1971 447 2038 constiterit
469 1972 595 2056 regnig
620 1972 763 2055 fastigia
772 1973 793 2048 2,
818 1991 898 2035 mox
920 1971 1012 2035 idem
1029 1992 1108 2035 cum
1123 1973 1282 2038 omnibus
1300 1977 1376 2038 tam

250 2061 382 2145 nefarie
406 2054 498 2127 sibi¹1
525 2061 822 2126 consentientibus
853 2063 888 2125 et
916 2060 1103 2125 anathema
1132 2060 1194 2126 fiat
1224 2065 1259 2126 et
1288 2063 1374 2126 chri-

250 2151 442 2216 stianorum
464 2151 739 2215 communionem
767 2150 917 2227 amittat,
947 2152 1021 2214 tam
1049 2151 1123 2214 dire
1146 2151 1375 2235 percussionis

249 2239 383 2304 ultione
407 2240 568 2316 conlisus,
598 2241 639 2303 ut
662 2239 773 2303 omnis
797 2238 906 2303 divini
929 2239 1059 2302 ordinis
1084 2238 1205 2318 cultor,
1237 2242 1297 2322 qui
1319 2240 1374 2304 illi

250 2328 502 2392 communicare
532 2328 769 2411 presumserit,
800 2327 905 2396 simili
936 2347 1014 2391 cum
1044 2327 1118 2413 ipso
1150 2329 1373 2395 damnatione

250 2416 422 2500 'dispereat
446 2419 482 2480 et
504 2435 595 2499 pena
616 2415 783 2480 tabescat.
830 2414 921 2479 Nam
944 2419 980 2480 et
1004 2416 1032 2480 si
1056 2417 1131 2499 quis
1155 2416 1241 2501 legis
1268 2419 1373 2482 huius

248 2505 371 2569 seriem
394 2524 436 2569 ex
459 2503 575 2568 officio
605 2503 762 2587 palatino
791 2503 952 2569 malivole
983 2506 1197 2570 detrahendo
1221 2505 1374 2573 lacerare

248 2593 396 2658 voluerit
419 2596 481 2658 aut
504 2586 757 2657 evacuandam¹
787 2594 1003 2677 quandoque,
1027 2593 1083 2659 vei
1106 2594 1250 2660 silenter
1272 2596 1373 2661 musi·

247 2676 349 2746 tansk
374 2682 430 2748 vel
461 2685 579 2766 aperte
611 2680 794 2760 resultans,
831 2683 989 2767 proloqui
1019 2686 1177 2749 detectus
1206 2685 1372 2764 extiterit,

249 2765 399 2836 cunctis¹
430 2771 584 2856 palatine
616 2771 796 2855 dignitatis
820 2774 855 2837 et
879 2773 1059 2838 consortiis
1083 2777 1119 2838 et
1142 2774 1265 2839 officiis
1293 2796 1374 2839 mox

247 2861 409 2939 nudatus,
426 2860 581 2924 omnium
596 2880 711 2925 rerum
727 2881 867 2926 suarum
883 2862 1062 2927 dimidiam
1080 2865 1216 2947 partem
1232 2863 1373 2929 amittat

248 2953 283 3014 et
306 2949 343 3012 in
366 2950 534 3035 deputato
558 2950 624 3015 sibi
647 2949 723 3014 loco
746 2951 917 3029 redactus,
948 2955 999 3016 aln
1021 2953 1131 3016 totius
1158 2952 1281 3036 palatii
1303 2974 1372 3018 ma-

246 3042 329 3103 neat
363 3039 529 3104 societate
564 3040 727 3105 seclusus.
785 3040 979 3124 Religiosus
1015 3042 1133 3120 etiam,
1170 3042 1229 3124 qui
1264 3061 1300 3106 se
1335 3042 1372 3107 in

247 3128 368 3193 eadem
398 3127 536 3214 culpam
565 3129 768 3209 devolverit,
801 3130 906 3194 simili
928 3150 1044 3196 rerum
1067 3131 1287 3215 proprietatis
1311 3152 1372 3196 sue

248 3217 427 3302 dispendio
451 3218 653 3284 subiacebit.

316 3460 318 3467 ·
352 3449 376 3495 v)
391 3449 466 3487 tractu
479 3457 520 3487 om.
534 3446 584 3488 121.
637 3448 667 3494 w)
682 3445 727 3484 hex
741 3445 790 3486 121.
844 3447 868 3491 x)
882 3444 920 3484 vei
934 3441 963 3483 ad
978 3444 1028 3484 ΒΙ.
1082 3445 1105 3493 y)
1120 3441 1256 3489 conquisitio
1270 3461 1296 3469 —
1311 3441 1372 3482 idern

246 3509 286 3541 om.
300 3500 321 3538 Β
331 3501 350 3542 1.
426 3497 464 3552 γ’)
478 3509 522 3547 quc
536 3499 585 3540 ΒΞ.
666 3500 686 3545 z)
705 3497 771 3537 iustis
790 3507 815 3536 sc
832 3497 853 3535 Β
863 3499 882 3538 1.
962 3498 984 3543 a)
1003 3496 1159 3544 conquesitum
1176 3493 1304 3532 conoscitur
1322 3495 1342 3531 Β
1353 3497 1371 3536 i.

245 3552 268 3600 b)
283 3563 342 3602 pena
355 3553 376 3591 Β
386 3554 405 3594 1.
467 3554 488 3600 c)
502 3550 637 3599 reliquerint
650 3551 671 3589 Β
680 3551 700 3592 1.
763 3547 787 3597 d)
801 3549 938 3588 sententiam
951 3549 972 3586 Β
982 3550 1001 3589 1.
1068 3549 1089 3594 e)
1103 3545 1184 3595 regalis
1199 3542 1309 3585 ascendat
1322 3547 1343 3585 Β
1353 3549 1371 3590 1.

245 3605 264 3653 i)
277 3603 364 3645 aditum
378 3606 398 3643 Β
408 3606 426 3646 1.
500 3605 523 3653 g)
537 3614 631 3651 regnum
645 3603 665 3641 R
675 3604 694 3644 1.
768 3601 792 3648 h)
811 3602 859 3641 siba
874 3602 895 3640 Β
904 3601 928 3651 ²5
950 3601 999 3639 sive
1013 3600 1034 3638 Β
1044 3601 1063 3642 1.
1133 3599 1149 3646 i)
1167 3595 1308 3638 vacuandam
1322 3600 1342 3638 Β
1353 3604 1371 3644 1.

245 3657 269 3705 k)
283 3657 396 3697 muricatis
410 3658 431 3695 R
441 3657 460 3699 1.
515 3655 532 3706 l)
546 3660 639 3696 cunctos
653 3655 673 3694 Β
683 3655 703 3697 1.
756 3653 788 3705 m)
801 3664 828 3694 ac
842 3654 863 3693 Β
873 3656 891 3697 l.

247 3852 273 3918 l)
291 3850 333 3916 Cf.
347 3850 423 3904 Cone.
437 3849 516 3903 Τοῖα.
531 3848 608 3917 VIII,
628 3866 649 3904 c.
663 3850 712 3904 10:
732 3863 788 3900 non
806 3847 882 3916 prius
900 3846 1007 3917 apicem
1023 3846 1102 3917 regni
1115 3845 1217 3916 quique
1229 3848 1371 3917 percipiat,

245 3937 328 3990 quam
347 3936 376 3974 se
394 3920 469 4002 iliam
494 3923 542 4001 (sc.
562 3921 642 4002 leuem
660 3920 692 3972 de
709 3921 867 4001 sacomam
883 3921 915 4002 fn
933 3920 1075 3985 facultates
1088 3922 1178 4006 seim)
1204 3935 1255 4002 per
1280 3921 1373 3975 omnia

245 3990 630 4131 {hildibratti
644 3988 1372 4132 &giiiiriiniiiefiaiiis'iitieibiiniirii

197 4173 198 4177 η
245 4134 313 4189 urbe
338 4133 415 4203 regia
441 4135 489 4186 aut
514 4133 562 4186 ubi
585 4133 714 4203 princeps
739 4133 886 4189 decesserit
909 4153 973 4190 cum
995 4133 1158 4204 pontificum
1182 4134 1372 4202 maiorumque

245 4204 340 4274 palatii
365 4203 523 4259 omnimodo
550 4205 686 4276 eligantur
709 4222 827 4274 assensu,
853 4223 910 4261 non
934 4205 1086 4261 forinsecus
1104 4209 1152 4260 aut
1170 4206 1372 4273 conspiratione

245 4292 397 4345 paucorum
417 4279 465 4329 aut
482 4276 647 4332 rusticarum
665 4277 788 4346 plebium
807 4277 935 4332 seditioso
953 4279 1082 4335 tumultu.
