3000 4934
221 361 277 414 848
443 355 498 413 111.
535 354 657 410 INDEX
675 353 814 410 RERUM
831 353 880 409 ET
898 353 1123 410 VERBORUM.

261 538 325 600 1973
338 533 420 587 nullis
432 533 634 600 indictionibus,
647 533 765 586 exactio·
837 535 915 586 textu
934 533 1074 600 exemplar
1091 530 1209 584 fideliter
1227 532 1344 586 transla-

260 606 347 673 nibus,
365 605 483 675 angariis
569 605 685 673 populos
704 621 765 674 gra·
837 609 897 657 tum
923 607 972 669 633
998 620 1040 658 ex.
1058 602 1245 672 (condicionis)
1268 605 1345 657 testi-

260 693 323 729 vare
341 679 403 733 297.
619 702 625 714 ·
838 675 888 728 bus
906 675 1065 729 roboratum
1084 677 1127 730 53.

222 764 352 802 examen:
384 763 492 800 servum
521 748 598 799 extra
624 745 766 814 publicum
802 744 946 800 exercitia:
965 745 1000 798 ad
1018 745 1176 798 exercitium
1194 748 1238 800 44.

260 835 374 872 examen
394 816 517 871 occidere
534 820 598 882 196:
617 816 766 883 questionis
802 816 937 870 exercitus
961 819 1117 882 268-2713
1142 816 1275 883 prepositi
1299 833 1346 869 ex-

260 905 301 944 ex.
323 891 381 944 176.
401 891 462 944 265.
838 887 947 953 orcitus,
965 887 1097 940 exercitui
1114 890 1272 952 268—2763
1300 903 1346 941 co-

222 959 380 1013 examinare
410 958 522 1027 negotia
551 961 594 1014 51.
623 960 692 1026 2963
724 973 765 1012 ex.
837 974 896 1011 mes
919 959 1053 1011 exercitus
1076 961 1143 1024 2713
1169 958 1347 1026 conpulsores

260 1045 353 1082 causas
371 1032 414 1084 69.
838 1028 973 1082 exercitus
990 1031 1052 1084 269.
1070 1032 1140 1094 2763
1167 1029 1238 1082 servi
1257 1028 1347 1081 domi·

223 1100 389 1154 examinatio
408 1098 504 1153 iudicis
524 1102 590 1166 1983
618 1098 766 1167 questionis
837 1100 900 1167 uici,
925 1099 944 1154 i.
963 1117 986 1154 e.
1009 1099 1184 1167 conpulaores
1209 1099 1347 1153 exercitus

260 1188 302 1226 ex.
323 1174 382 1227 176.
838 1174 905 1237 2693
928 1172 964 1234 cf.
983 1169 1054 1223 servi
1073 1169 1216 1238 dominici:
1241 1171 1347 1224 exerci-

223 1241 387 1295 excellentia
404 1245 498 1295 nostra
517 1243 560 1309 (ac.
580 1241 662 1311 regis)
679 1244 740 1298 299.
837 1244 897 1295 tum
921 1240 956 1294 ad
977 1241 1083 1294 hostem
1102 1241 1257 1309 conpellere
1282 1245 1346 1297 269.

223 1329 349 1366 excessus
367 1316 430 1368 297.
803 1310 984 1366 exheredare:
1011 1312 1072 1366 exh.
1091 1309 1162 1364 filios
1189 1314 1255 1378 1383
1282 1311 1346 1367 exh.

223 1383 365 1438 excidere:
393 1383 467 1452 quod
494 1383 529 1435 ad
557 1383 692 1435 culturam
720 1399 766 1435 ex·
837 1382 907 1435 filios
926 1386 974 1436 aut
991 1386 1105 1450 nepotes
1123 1399 1173 1451 pro
1190 1383 1246 1436 levi
1264 1383 1348 1452 culpa

260 1455 346 1508 cisum
365 1458 407 1508 est
423 1456 467 1523 (ac.
487 1471 521 1507 ex
539 1454 623 1520 terra)
639 1456 700 1510 279.
838 1453 974 1507 inlicitum
994 1457 1053 1511 139.

223 1525 383 1579 excludere:
410 1541 461 1578 nec
485 1525 567 1594 longe
592 1523 766 1592 possessionis
803 1525 927 1594 exigere:
945 1525 1077 1592 placitum
1096 1540 1139 1580 ex.
1159 1527 1206 1590 613
1230 1525 1347 1592 scriptu-

260 1601 368 1664 tempus
384 1595 536 1648 dominium
555 1594 682 1648 excludat
699 1598 766 1660 2893
837 1612 896 1648 ram
916 1612 957 1650 ex.
982 1599 1024 1651 39.
1046 1598 1104 1651 118.
1125 1597 1185 1652 119.
1205 1598 1270 1661 135;
1297 1594 1347 1648 do-

259 1666 284 1720 1.
309 1683 444 1719 annorum
467 1682 597 1718 numerus
620 1665 766 1719 excludens
838 1666 913 1718 natio
944 1666 1079 1719 violenter
1109 1683 1125 1718 a
1154 1665 1219 1719 viris
1249 1669 1348 1720 exacta

259 1741 326 1804 2813
352 1737 496 1790 excludere
516 1737 628 1804 (terram
654 1735 689 1788 ad
711 1737 766 1789 cul·
840 1741 907 1803 1483
930 1737 1023 1790 dotem
1045 1737 1138 1805 puelle
1156 1743 1234 1805 pater
1253 1737 1348 1807 exigat

259 1809 361 1875 turam)
374 1811 441 1876 2533
458 1807 602 1861 excludere
614 1806 687 1860 viam
699 1811 765 1874 2523
839 1813 867 1861 et
885 1812 1025 1862 conservet
1049 1812 1096 1874 913
1122 1813 1218 1861 exacta
1243 1808 1347 1861 autori·

260 1877 406 1932 excludere
430 1877 533 1932 flumen
560 1881 628 1944 2543
657 1878 766 1931 exclusa
837 1883 895 1932 tate
912 1880 1005 1948 (regis)
1028 1878 1094 1933 fisco
1118 1878 1200 1932 faciat
1218 1879 1348 1933 associari

261 1975 293 1994 =
308 1951 416 2002 exclusa
428 1956 518 2003 terra:
535 1950 644 2003 exclusa
654 1965 764 2018 rumpa·
838 1953 899 2006 367.

259 2023 305 2074 tur
322 2025 384 2077 253.
803 2021 914 2074 exilium
933 2023 994 2076 261.
1008 2024 1074 2089 287;
1093 2038 1214 2090 perenne
1232 2021 1347 2074 exilium

223 2092 361 2146 excolere:
393 2095 495 2145 terram
525 2090 560 2143 ad
588 2092 764 2146 excolendam
841 2095 900 2147 116.
927 2095 978 2147 197
985 2109 991 2160 ;
1023 2096 1187 2160 perpetuum
1215 2109 1257 2144 ex.
1284 2095 1346 2148 113.

260 2163 383 2231 accipere
400 2166 465 2230 2813
485 2162 580 2215 silvam
593 2166 706 2231 propter
718 2179 764 2217 ex·
842 2166 907 2230 119;
943 2163 972 2215 in
1002 2163 1084 2216 exilio
1114 2163 1164 2216 sub
1195 2163 1347 2231 penitentia

260 2232 389 2288 colendos
408 2249 487 2302 agros
500 2233 639 2287 succidere
652 2237 716 2299 2803
736 2251 764 2287 se
838 2236 916 2303 (aput
934 2234 1103 2302 episcopum)
1121 2237 1181 2290 196.
1201 2237 1260 2290 198.

260 2304 385 2358 excolere
402 2305 447 2357 vel
464 2304 617 2373 gubernare
636 2308 696 2361 308.
804 2305 943 2358 exinanita
967 2305 1068 2373 scripta
1091 2307 1130 2374 (et
1148 2305 1277 2374 invalida)
1302 2322 1346 2359 re·

222 2375 470 2428 excommunicatio
496 2375 676 2428 ecclesiastica
704 2379 764 2431 310.
839 2379 971 2445 putentur
990 2379 1049 2431 136.

223 2462 369 2499 excusare:
388 2462 489 2512 servus,
504 2444 611 2498 debitor
623 2450 765 2499 excusatus
803 2447 877 2500 exire
893 2447 932 2516 (in
950 2447 1068 2516 hostem)
1086 2450 1148 2503 268.
1166 2451 1227 2503 276.

261 2520 321 2573 156.
339 2519 408 2584 273;
434 2516 609 2569 sacramentis
634 2533 662 2569 se
685 2533 766 2570 excu-
803 2518 941 2587 expeditio
970 2522 1011 2574 16.
1037 2521 1079 2573 17.
1105 2521 1165 2573 129.
1192 2521 1254 2574 230.
1282 2521 1345 2574 268.

260 2604 319 2640 aare
345 2590 392 2655 513
419 2588 453 2640 ab
479 2587 613 2641 sententia
636 2604 766 2641 excusare
838 2593 906 2655 2703
935 2588 1074 2658 expeditio
1102 2589 1211 2657 publica
1237 2592 1288 2658 82;
1316 2589 1346 2642 in

260 2662 328 2727 2003
340 2657 506 2712 homicidam
519 2658 708 2713 fraudulenter
720 2676 765 2713 ex·
838 2660 1012 2729 expeditione
1036 2660 1147 2728 publica
1171 2661 1345 2729 constitutus,

260 2746 354 2783 cusare
373 2733 433 2787 199.
838 2732 943 2799 positus
967 2735 1029 2788 229.
1052 2734 1113 2787 236.
1132 2733 1199 2799 2863
1228 2731 1257 2784 in
1283 2747 1344 2799 exp.

223 2801 376 2854 excusatio:
391 2818 447 2855 exc.
460 2801 615 2871 ignorantie
626 2803 693 2867 2693
708 2819 765 2858 exo.
838 2803 914 2870 publ.
933 2802 1075 2855 morientis
1093 2803 1228 2855 volumtas
1247 2805 1296 2869 82;
1316 2802 1346 2854 in

260 2872 428 2926 consortium
437 2876 503 2937 2773
519 2888 577 2926 exc.
592 2872 766 2926 rationalium
839 2872 1014 2941 expeditione
1045 2873 1201 2940 adquirere,
1232 2873 1345 2941 conqui-

259 2946 320 2998 286.
339 2947 401 2999 287.
838 2961 908 3012 rere,
933 2943 1036 3012 aliquid
1060 2943 1129 2996 lucri
1147 2944 1276 3011 consequi
1302 2948 1344 3000 16.

223 3018 368 3067 excutere:
400 3014 474 3068 fures
505 3018 552 3067 aut
581 3031 643 3067 reos
673 3019 766 3082 captos
841 3019 881 3071 17.
907 3017 1213 3083 128.129.180.142;
1240 3015 1270 3067 in
1298 3033 1345 3069 ex·

260 3089 387 3138 excutere
412 3089 480 3151 2123
508 3084 654 3155 fugitivum
679 3086 766 3138 homi·
838 3085 977 3154 peditione
996 3085 1099 3153 aliquid
1113 3085 1220 3139 auferre
1237 3086 1281 3139 vel
1299 3085 1345 3140 de·

259 3173 323 3209 nem
355 3156 573 3224 conprehensum
604 3173 661 3211 exc.
698 3161 766 3225 267;
838 3157 954 3226 predare
972 3160 1034 3213 230.

258 3231 367 3295 raptam
398 3244 456 3282 exc.
488 3232 536 3295 99;
568 3227 705 3296 mancipia
732 3228 766 3281 ab
803 3229 952 3297 expellere:
973 3229 1109 3282 violenter
1127 3244 1189 3295 exp.
1206 3227 1346 3296 possiden·

258 3297 382 3352 hostibus
409 3302 540 3366 occupata
565 3315 623 3354 exc.
649 3302 700 3356 158
712 3315 766 3368 aq,
838 3303 908 3366 tem,
938 3316 1077 3368 possessor
1106 3315 1157 3367 per
1185 3299 1346 3352 violentiam

258 3370 402 3438 mancipia,
429 3387 473 3422 res
501 3370 535 3423 de
562 3387 646 3423 manu
673 3370 766 3437 hostis,
839 3370 967 3438 expulsus
985 3374 1051 3437 2273
1070 3369 1175 3423 viantes
1192 3369 1226 3423 de
1238 3370 1346 3438 pascuis

179 3506 181 3510 .
259 3441 294 3493 ab
312 3440 423 3494 inimico
442 3457 499 3495 exc.
525 3445 593 3510 272:
619 3441 767 3509 expellenti
839 3442 977 3510 expellere
989 3444 1055 3511 2383
1070 3441 1123 3495 iter
1135 3441 1274 3510 agentium
1288 3442 1346 3494 ani·

259 3510 294 3564 de
324 3511 448 3581 frugibus
478 3528 579 3580 pecora
609 3529 666 3566 exc.
697 3516 765 3581 249;
837 3513 921 3566 melia
939 3511 973 3566 de
992 3512 1093 3580 campis
1111 3512 1270 3565 vacantibus
1283 3529 1345 3580 exp.

258 3582 402 3636 hominum
420 3587 530 3651 partum
549 3601 607 3638 exc.
626 3587 765 3649 183.184;
838 3587 905 3650 2523
925 3584 1060 3652 animalia,
1078 3600 1178 3652 pecora
1197 3583 1241 3651 (de
1260 3582 1345 3653 frugi-

258 3653 382 3722 iumenti,
409 3654 540 3723 animalis,
564 3671 633 3723 eque
655 3658 765 3723 partum
838 3656 900 3723 bus)
920 3672 980 3724 exp.
999 3658 1140 3712 239240.
1160 3658 1221 3711 242.

259 3741 317 3778 exc.
335 3728 396 3780 245.
803 3743 938 3795 expensae
965 3730 1031 3795 1343
1059 3725 1165 3779 fructus
1192 3742 1256 3778 cum
1282 3724 1345 3778 filiis

222 3795 356 3862 executio,
370 3795 516 3861 exsecutio,
530 3795 703 3863 exsequutio:
723 3812 765 3852 ex.
838 3797 1029 3851 communibus
1042 3814 1201 3850 consumere
1220 3796 1345 3865 expensis

259 3864 357 3917 iudicis
385 3869 428 3921 14.
457 3868 517 3921 156.
548 3869 607 3922 158.
635 3869 702 3935 241;
729 3868 765 3931 cf.
839 3871 898 3924 127.

258 3939 302 3990 44.
321 3938 364 3991 45.
803 3938 927 4008 expiare:
956 3942 1127 3992 sacramento
1155 3955 1183 3991 se
1211 3955 1273 4005 exp.
1302 3941 1344 3994 62.

221 4008 382 4076 (executor),
396 4011 553 4060 exsecutor:
573 4023 596 4063 e.
609 4007 705 4061 iudicis
721 4011 764 4064 46.
840 4014 904 4078 1773
923 4014 1092 4063 sacramento
1111 4026 1188 4062 suam
1207 4009 1345 4063 conscien-

223 4079 364 4147 exemplar
388 4105 420 4122 =
445 4081 602 4146 exemplum,
629 4081 765 4145 formula:
838 4082 905 4134 tiam
924 4098 985 4149 exp.
1004 4084 1047 4136 51.
1067 4084 1110 4136 65.
1130 4085 1190 4137 197.

260 4167 301 4205 ex.
331 4150 445 4219 epistole
472 4150 672 4204 informationis
696 4154 764 4220 287;
803 4168 939 4221 exponere
968 4150 1114 4220 infantem,
1150 4168 1267 4220 puerum
1298 4153 1346 4203 aut

260 4248 292 4266 =
303 4223 507 4289 cpoprapbum:
526 4240 568 4278 ex.
581 4221 704 4274 mandati
716 4225 765 4292 673
837 4224 957 4292 puellam
978 4225 1036 4278 136.
1057 4227 1117 4279 137.

258 4292 370 4346 iudicati
378 4294 596 4362 exemplaria673
607 4292 641 4347 de
650 4293 764 4364 (iudicii)
802 4310 877 4348 exse·
895 4312 919 4350 u.
937 4310 1008 4346 exe·.
