3000 4934
367 368 445 424 LEX
463 369 579 428 VISIG.
597 369 867 429 REOORSSVIND.
896 369 958 439 III,
976 374 1060 439 4,12.
1075 374 1117 428 13.
1254 375 1304 428 107

183 554 294 618 ultere
318 552 520 618 subiacebit.
566 554 662 618 Uxor
689 557 806 617 autem
836 552 996 617 adultera
1026 554 1096 617 sive
1127 553 1169 617 de
1199 554 1305 637 priori

184 641 323 725 coniugi
366 643 421 706 vel
445 645 618 726 postremo
642 642 815 726 legitimos
838 641 927 705 filios
951 641 1079 707 habere
1103 642 1302 716 dinoscitur,

184 750 286 813 seque
321 733 399 794 rata
428 730 509 795 filiis
544 731 587 796 de
617 731 722 814 priori
753 730 913 813 coniugio
950 730 1144 814 portionem
1178 723 1235 794 etf
1268 731 1305 793 in

183 840 301 884 eorum
324 822 497 902 potestate
520 819 676 895 relictass,
702 819 750 883 sic
774 838 913 882 suorum
937 818 1087 882 filiorum
1110 838 1152 883 ex
1174 819 1303 895 eadem,

183 901 270 991 queh
295 901 532 991 postmodumi
554 908 592 971 in
607 907 780 971 adulterio
797 907 1021 983 convincitur,
1047 907 1192 991 coniuge
1216 928 1305 971 crea·

182 1001 297 1060 torum
327 997 471 1060 maritus
502 997 575 1061 eius
605 996 800 1080 portionem
831 995 997 1071 obtineat,
1028 998 1069 1058 ut
1099 998 1177 1079 post
1205 1016 1305 1059 suum

183 1084 317 1149 obitum
340 1085 469 1149 eisdem
492 1085 572 1149 filiis
601 1084 842 1168 possidendam
865 1083 1049 1167 relinquat.
1097 1085 1155 1148 Ita
1176 1087 1303 1159 tamen,

183 1177 232 1249 ut,
257 1176 439 1256 postquam
455 1194 542 1237 uxor
557 1172 717 1238 adultera
738 1174 776 1236 in
792 1166 1023 1256 potestatemk
1041 1173 1148 1237 fuerit
1164 1166 1302 1236 maritif

182 1262 336 1338 redacta,
372 1261 471 1325 nulla
503 1262 548 1325 sit
580 1261 634 1325 illi
663 1261 810 1326 ulterius
839 1260 895 1325 vel
925 1260 1122 1325 fornicandi
1156 1282 1235 1325 cum
1265 1281 1306 1325 ea

183 1349 238 1414 vel
265 1350 302 1412 in
327 1351 525 1434 coniugium
552 1344 667 1414 illam¹
694 1350 761 1414 sibi
788 1349 942 1413 sociandi
965 1349 1116 1414 licentia.
1163 1349 1253 1413 Nam
1277 1350 1306 1413 si

183 1439 315 1516 fecerit,
346 1439 419 1522 ipse
450 1439 590 1522 quidem
620 1439 663 1503 de
692 1438 796 1503 rebus
819 1438 893 1502 eius
915 1437 1005 1501 nihil
1028 1438 1211 1502 habiturus
1235 1441 1304 1515 est;

184 1528 293 1591 omnis
320 1530 438 1592 tamen
466 1528 619 1593 mulieris
646 1526 797 1592 facultas
827 1529 888 1590 aut
918 1526 999 1591 filiis
1025 1527 1100 1591 ‘eius
1130 1526 1303 1610 legitimis,

184 1616 315 1767 qutfflqi
344 1616 408 1680 filii
438 1616 624 1694 defuerint,
655 1616 840 1680 heredibus
870 1614 1024 1680 mulieris
1054 1635 1096 1680 ex
1126 1618 1202 1679 toto
1232 1635 1305 1698 pro-

151 1760 156 1773 .
209 1724 260 1769 cle
310 1751 318 1766 .

378 1839 461 1897 XIII.
491 1839 660 1896 FLAVIUS
680 1839 993 1896 OHINDASVINDUS
1012 1838 1100 1896 REX.

184 1952 243 2016 De
266 1954 482 2036 personis,
508 1953 665 2037 quibus
689 1953 959 2017 adulterium
980 1971 1188 2017 accusare
1212 1972 1305 2015 con·

184 2042 372 2118 ceditur,
420 2045 462 2106 et
505 2041 706 2193 qualiteq)
741 2041 942 2191 perquiri
985 2043 1060 2103 aut
1103 2040 1307 2104 convinci

633 2150 677 2192 ιιι
715 2148 734 2193 e
765 2150 813 2191 ur
844 2175 851 2189 .

292 2234 350 2298 si¹
374 2238 611 2318 perpetratum
641 2233 752 2299 scelus
782 2234 904 2318 legalis
933 2253 1077 2298 censura
1104 2254 1174 2299 non
1196 2254 1306 2318 repre·

185 2316 286 2399 mitb,
319 2323 564 2388 sceleratorum
592 2324 770 2388 temeritas
798 2323 862 2387 ab⁰
891 2323 1043 2387 adsuetis
1065 2322 1160 2387 vitiis
1182 2343 1306 2406 nequa·

184 2432 286 2494 quam
321 2412 476 2495 quiescit.
534 2412 700 2496 Ideoque,
740 2413 822 2496 quia
856 2406 1094 2496 quorundamd
1130 2412 1306 2477 interdum

183 2520 314 2578 uxores,
342 2501 434 2566 viros
464 2521 543 2567 suos
571 2502 834 2567 habominantes
864 2521 1004 2584 seseque
1035 2501 1206 2566 adulterio
1237 2501 1307 2585 pol-

183 2589 327 2667 luentes,
358 2591 410 2654 ita
439 2590 638 2675 potionibus
661 2591 866 2674 quibusdam
889 2590 945 2655 vel
968 2589 1216 2655 maleficiorum
1238 2591 1306 2655 fac-

182 2678 335 2743 tionibus
358 2682 567 2745 eorundem⁰
590 2681 741 2744 virorum
765 2682 898 2744 mentes
922 2678 1076 2744 alienant
1099 2679 1211 2762 adque
1234 2699 1307 2762 pre·

184 2767 344 2851 cipitant,
379 2772 420 2832 ut
454 2790 518 2834 nec
553 2764 711 2852 agnitum
745 2769 861 2832 uxoris
899 2767 1110 2832 adulterium
1145 2787 1306 2832 accusare

183 2855 321 2939 publice
343 2857 398 2921 vel
423 2857 609 2922 defendere
632 2856 780 2934 valeant,
811 2876 875 2921 nec
903 2856 946 2920 ab
971 2855 1124 2921 eiusdem
1148 2855 1305 2920 adultere

184 2938 360 3028 coniugiss
380 2946 552 3010 consortio
567 2945 623 3011 vel
640 2944 848 3010 dilectioneg
867 2945 1055 3020 discedant,
1080 2944 1116 3008 id
1139 2945 1176 3007 in
1195 2945 1305 3008 causis

183 3032 313 3096 talibus
337 3034 476 3097 omnino
502 3033 708 3097 servandum
732 3036 800 3097 est:
832 3035 882 3108 ut,
914 3033 943 3095 si
966 3033 1120 3096 eiusdem
1148 3032 1306 3097 adultere

185 3122 246 3182 aut
270 3113 431 3202 deceptih
458 3121 576 3183 mariti
599 3122 692 3184 etate
716 3124 798 3183 sunt
820 3119 969 3203 legitimi
991 3120 1065 3196 filii,
1092 3120 1184 3203 ipsis,
1209 3121 1307 3183 iuxta

185 3207 277 3289 quod
293 3207 436 3271 maritus
453 3207 610 3272 adultere
627 3200 798 3291 poterat¹,
824 3208 870 3270 sit
885 3210 971 3291 aput
986 3208 1137 3272 iudicem
1153 3208 1306 3272 mulieris

185 3294 395 3358 adulterium
425 3296 610 3375 accusandi
636 3289 718 3360 velk
745 3296 978 3379 conprovandi
1005 3294 1156 3359 licentia.
1204 3295 1306 3361 Certe

186 3383 214 3446 si
237 3386 298 3446 aut
321 3383 385 3446 filii
408 3384 543 3461 desunt,
568 3388 630 3448 aut
651 3405 722 3448 non
737 3378 908 3448 eiusdem¹
931 3385 1034 3448 etatis
1049 3383 1105 3448 vel
1121 3384 1305 3462 sollertiae,

185 3472 243 3555 qui
273 3473 339 3536 hoc
367 3473 551 3557 expetirem
581 3472 736 3557 legitime
766 3473 908 3557 possint,
939 3479 1004 3538 nen
1035 3473 1192 3551 fortasse,
1224 3473 1306 3537 dum

185 3560 306 3625 dilatio
329 3561 519 3627 ulciscendi
542 3562 707 3628 adulterii
729 3562 924 3639 intercedit,
950 3566 1012 3626 aut
1036 3563 1219 3646 deceptum
1240 3584 1306 3626 ma-

183 3650 290 3714 ritum
319 3650 562 3718 fraudulenter
591 3652 752 3717 adultera
781 3651 938 3735 perimat,
970 3655 1031 3715 aut
1059 3651 1209 3716 facultas
1233 3652 1306 3716 eius

184 3738 263 3803 filiis
294 3739 364 3804 suis
394 3744 475 3804 aut⁰
503 3741 704 3825 propinquis
735 3759 775 3804 ex
805 3740 871 3805 hac
899 3741 1104 3805 hoccasione
1132 3741 1304 3824 depereat,

290 3930 378 3978 odem
392 3931 439 3974 121.
479 3933 501 3979 g)
515 3931 606 3970 relictas
618 3931 664 3975 131.
705 3931 839 3979 imulas.
881 3930 897 3978 i)
911 3927 1058 3973 module.
1099 3930 1123 3978 k)
1137 3932 1306 3979 potestatem.

184 3983 199 4032 l)
213 3983 282 4023 ullam
296 3983 343 4025 Bt.
397 3985 428 4032 m)
442 3984 569 4032 percipient
581 3985 628 4026 122.

290 4037 353 4079 Xlll.
379 4033 568 4087 s)debetur131;
583 4036 747 4078 iubenturM.
783 4036 806 4084 b)
817 4036 920 4085 reprimit
929 4036 1098 4076 {sceleratorum
1108 4035 1154 4078 ΒΞ.
1191 4033 1306 4085 c)st1.

184 4086 207 4136 d)
221 4087 316 4129 condam
330 4091 377 4132 121.
432 4092 453 4136 a)
467 4086 615 4138 quorumdam
629 4090 675 4132 Rl.
729 4089 866 4138 nocuisses
881 4090 928 4132 121.
982 4089 1005 4141 g)
1019 4086 1119 4129 dictione
1133 4089 1180 4130 ΕΙ.
1234 4086 1307 4137 ωᾶσ-

184 4143 258 4191 oeptio
273 4143 320 4186 ΕΙ,
381 4141 398 4188 l)
411 4147 516 4191 pomam
529 4142 576 4185 Bt.
637 4142 661 4191 k)
676 4147 699 4183 et
712 4140 866 4192 comprobandi
880 4142 926 4185 Bt.
987 4142 1004 4194 l)
1018 4139 1104 4182 sladem
1117 4142 1163 4184 121.
1223 4142 1254 4194 m)
1268 4152 1306 4182 ex·

185 4194 263 4244 pedire
278 4197 323 4238 Bt.
379 4198 403 4242 n)
418 4206 460 4236 noc
474 4197 520 4237 121.
575 4198 596 4244 ο)
610 4195 647 4236 vel
661 4195 708 4238 Rs.

187 4336 213 4400 1)
232 4337 290 4389 Lac
307 4338 421 4401 sonasse
439 4338 505 4389 dota
523 4344 560 4389 est
577 4337 615 4389 ad
631 4336 779 4404 coemptum
797 4337 829 4390 L.
849 4335 924 4389 Rom.
939 4335 995 4390 Vis.
1012 4335 1040 4390 0.
1057 4334 1107 4390 tt.
1126 4335 1177 4402 IX,
1197 4338 1224 4401 4,
1244 4338 1269 4390 2.
