3000 4934
642 385 872 445 PRAEFATIO.
1269 385 1314 441 XI

197 573 287 654 Quod
315 570 368 635 ille
398 571 435 635 de
465 570 567 651 lepum
594 569 774 634 recensione
803 567 977 634 Reccaredi
1000 568 1031 631 I.
1063 574 1150 649 tacet,
1179 565 1313 631 maximi

191 659 340 725 momenti
362 665 391 723 et
406 657 562 740 ponderis
584 663 637 723 est.
688 658 778 723 Certe
800 656 893 738 euim,
924 656 954 721 si
976 677 1027 721 res
1053 662 1118 720 tam
1141 654 1313 720 laudabilis

192 771 213 813 a
235 770 307 830 repe
323 747 432 830 primo
461 746 612 812 catbolico
640 747 729 827 facta
757 745 879 827 fnisset,
910 766 976 810 nou
1005 744 1160 825 tacuisset,
1191 743 1247 825 aui
1276 745 1313 808 de

192 839 294 920 lepum
339 835 494 900 recisione
539 834 717 917 Leooipildi
766 833 916 899 baeretici
961 839 1106 899 acmrate
1151 833 1311 898 retulerat.

191 927 335 1007 Fontem,
365 945 403 989 eu
430 945 491 1006 quo
514 924 656 988 bauserit
678 923 893 1004 interpolator,
925 943 990 987 non
1014 920 1167 987 nouimus.
1214 920 1312 1001 Equi·

192 1016 260 1079 dem
283 1019 387 1079 autem
411 1011 598 1078 crediderim
620 1034 690 1078 eum
713 1013 770 1077 boc
792 1012 858 1077 loco
880 1011 1000 1091 falsam
1023 1030 1114 1074 suam
1137 1011 1174 1074 de
1197 1010 1312 1075 Recca·

191 1104 265 1167 redo
300 1101 479 1184 opinionem
513 1122 552 1166 ea
584 1100 757 1183 euemplari
790 1102 926 1181 quodam
954 1099 1051 1181 Lepis
1078 1097 1312 1180 Visipotborum

191 1189 496 1256 Reccessoindiauae
511 1189 688 1271 sumpsisse,
712 1189 767 1253 ubi
783 1209 846 1269 pro
862 1187 1098 1269 Recccssoindo,
1122 1193 1158 1250 ut
1173 1187 1270 1269 pleru
1302 1222 1312 1231 ·

191 1298 249 1359 oue
271 1280 394 1360 factum
416 1284 470 1359 est,
493 1279 627 1344 Recede
650 1277 801 1357 scriptum
824 1282 893 1341 erat
914 1277 963 1341 oel
985 1276 1067 1356 forte
1083 1297 1147 1357 pro
1163 1276 1219 1340 boc
1235 1296 1312 1340 com-

185 1366 304 1448 pendio
331 1368 548 1432 Recoaredus
578 1365 744 1447 tepebatur,
775 1370 811 1429 ut
839 1385 887 1429 ea.
914 1385 963 1446 pr.
994 1364 1030 1427 iu
1059 1363 1161 1429 codice
1185 1363 1312 1427 Stablo·

190 1461 318 1519 sterano
334 1455 521 1535 plerumque
537 1474 601 1536 pro
624 1453 851 1519 Reccessoindo
874 1452 988 1534 lepitur
1009 1453 1211 1518 Reccareus.
1258 1452 1312 1517 Ea

190 1542 418 1623 subscriptione
436 1548 538 1606 autem
553 1542 659 1607 ultimi
674 1541 787 1623 capitis
802 1541 899 1624 Lepis
914 1540 1227 1622 Reccessoiudiauae,
1240 1541 1280 1623 pl
1302 1577 1311 1586 ·

192 1631 246 1696 citi
268 1630 385 1696 scilicet
407 1633 491 1712 quod
507 1637 609 1696 eustat
626 1631 715 1712 XII,
734 1637 763 1712 2,
780 1636 829 1712 17,
853 1629 946 1710 infra
963 1650 999 1711 p.
1018 1635 1098 1694 313:
1123 1650 1214 1694 enno
1237 1630 1311 1695 feli-

192 1721 278 1786 citer
301 1725 397 1786 sexto
421 1721 519 1804 regni
542 1720 652 1805 glorie
675 1723 797 1799 vestre,
822 1719 905 1784 male
928 1720 965 1784 de
981 1718 1169 1799 Reccaredo,
1194 1739 1258 1782 uon
1274 1721 1312 1783 de

191 1807 418 1874 Reccessoindo
459 1808 629 1890 intellecta,
676 1808 931 1890 interpolatorem
973 1805 1120 1889 temporis
1156 1805 1311 1872 indicium

190 1896 358 1978 sumpsisse
392 1896 647 1962 euistimauerim.
702 1897 743 1963 Ut
772 1902 876 1961 autem
906 1898 1055 1975 crederet,
1088 1893 1311 1977 ‘compendiose

190 1985 404 2051 abbreviatam
427 1986 501 2050 esse'
530 1986 614 2051 banc
637 1985 715 2068 lepis
737 1985 876 2065 formam
899 2006 934 2049 re
956 2005 1032 2048 ocra
1054 1983 1192 2065 orclpatis
1215 2003 1311 2048 euom-

183 2073 334 2155 plaribus
346 2073 525 2155 breuiorem,
538 2073 635 2153 facile
640 2072 746 2155 potuit
756 2072 873 2137 adduci
878 2094 891 2152 ,·
902 2071 1049 2135 similiter
1058 2071 1153 2136 etiam
1165 2072 1215 2135 M.
1226 2071 1311 2135 Bou·

190 2168 263 2242 quet
285 2161 420 2227 codicem
438 2161 535 2243 Lepis
551 2159 856 2226 Reccessuindiauae
880 2156 975 2236 (Ood.
993 2158 1100 2223 Paris.
1118 2159 1192 2223 Lat.
1210 2164 1312 2240 466&

191 2249 232 2328 cf.
250 2249 342 2328 infra
359 2270 395 2329 p.
412 2250 511 2331 XVI),
535 2248 613 2330 quia
633 2247 756 2313 breuior
777 2253 855 2330 erat,
880 2246 1094 2312 abbreviatam
1116 2247 1311 2312 existimasse

190 2336 333 2417 uidetur,
357 2337 398 2417 cf.
415 2337 475 2400 Fr.
491 2337 637 2419 Blubme,
664 2335 894 2402 ‘Teateslcritile'
912 2359 947 2418 p.
966 2342 995 2399 3.
1031 2337 1088 2401 Ita
1109 2336 1231 2416 factum
1246 2357 1310 2402 csse

191 2423 323 2507 uidetur,
348 2432 383 2491 ut
402 2426 561 2508 euemplar
575 2425 658 2491 illud
679 2425 902 2507 interpolatam
918 2425 1041 2490 Isidori
1056 2425 1223 2490 Historiae
1245 2446 1310 2490 nou

189 2514 290 2578 solnm
313 2515 350 2579 de
373 2515 475 2596 lecum
497 2513 695 2580 institutione
711 2513 827 2579 Eurici
850 2520 879 2578 et
897 2516 934 2579 de
949 2513 1105 2579 recisione
1120 2513 1308 2595 Leooipildi,

188 2603 361 2668 sedetiam
383 2605 421 2668 de
444 2604 546 2685 lepum
569 2602 749 2686 conpendio
773 2624 794 2667 a
809 2603 989 2669 Reccaredo
1011 2603 1098 2683 tacto
1121 2602 1263 2682 referret.

295 2692 494 2774 Frapmenta
517 2692 598 2774 lepos
613 2695 653 2757 ab
669 2691 790 2758 Eurico
807 2693 900 2756 datas
923 2691 1018 2756 etiam
1040 2690 1110 2756 ideo
1134 2712 1199 2756 non
1215 2712 1310 2773 posse

188 2779 332 2845 eubibere
354 2781 395 2845 F.
417 2780 555 2846 Blulcme
577 2780 777 2863 existimauit,
802 2780 879 2862 quia
902 2801 970 2863 cap.
993 2785 1067 2844 285.
1092 2779 1309 2862 interpretatio

188 2868 285 2950 Lepis
308 2868 475 2934 Romanae
498 2869 732 2951 Visipotborum
755 2891 785 2933 a.
811 2875 886 2933 506.
908 2869 1131 2951 promulpatae
1153 2867 1311 2950 exscripta

189 2978 253 3021 esse
276 2957 450 3023 uidebatur.
504 2959 607 3023 Verba
630 2957 732 3024 enim:
762 2959 899 3037 Nullus,
931 2960 991 3042 qui
1014 2959 1196 3042 pecuniam
1223 2979 1309 3023 com·

188 3047 403 3112 mendaverit
431 3049 475 3111 ad
499 3068 648 3125 usuram,
681 3069 896 3131 perannum
919 3047 998 3131 plus
1022 3068 1124 3131 quam
1148 3051 1219 3112 tres
1243 3047 1310 3110 sili-

190 3153 274 3215 quas
298 3135 341 3198 de
363 3136 467 3198 unius
490 3136 593 3198 solidi
616 3139 736 3218 poscet
751 3157 882 3212 usuras,
907 3135 1026 3217 scripta
1042 3156 1107 3199 esse
1122 3135 1311 3199 uidebantur

188 3222 234 3283 ad
255 3221 429 3301 exemplum
451 3221 721 3302 interpretationis
751 3225 795 3286 ad
822 3223 897 3287 acc.
919 3223 1037 3286 Tbeod.
1063 3223 1116 3299 II,
1142 3228 1194 3301 33,
1213 3228 1248 3286 2:
1282 3223 1310 3286 si

190 3309 266 3391 quis
290 3309 368 3392 plus
392 3330 496 3392 quem
518 3310 676 3393 legitima
692 3311 880 3375 centesima
896 3311 1062 3387 continet,
1088 3311 1153 3374 hoc
1170 3314 1223 3374 est
1239 3314 1309 3374 tres

189 3397 331 3480 siliquas
355 3399 392 3462 in
415 3419 507 3463 anno
530 3417 592 3482 per
616 3399 763 3463 solidum
794 3403 848 3463 etc.
896 3397 947 3462 De
970 3418 1033 3478 qua
1056 3419 1091 3463 re
1114 3397 1227 3479 optime
1249 3419 1310 3462 mo·

188 3485 260 3550 uuit
281 3486 327 3550 Η.
351 3486 509 3551 Brunuer
532 3487 615 3551 banc
638 3486 795 3569 lepitimae
818 3486 1003 3552 centesimae
1033 3486 1250 3566 definitionem
1272 3506 1311 3552 en

189 3574 346 3641 communi
374 3597 435 3640 usu
469 3575 509 3639 ab
538 3581 669 3657 utroque
698 3583 825 3641 auctore
859 3575 958 3659 recipi
980 3576 1131 3659 potuisse.
1185 3576 1310 3641 Reocra

188 3665 296 3727 cadem
319 3663 462 3744 definitio
486 3663 600 3747 lepitur
622 3664 725 3746 etiam,
750 3671 785 3729 ut
807 3664 901 3745 iufra
916 3687 952 3748 p.
972 3671 1000 3747 7,
1025 3688 1058 3730 n.
1079 3671 1106 3730 1.
1130 3664 1249 3747 monui,
1273 3665 1310 3729 in

188 3751 369 3817 Iustiniani
385 3753 520 3818 Nouello
541 3750 674 3837 (Autb.)
699 3759 752 3818 34.
800 3753 973 3819 Praeterea
995 3760 1100 3820 antem
1122 3775 1208 3820 nunc
1230 3753 1310 3819 satis

188 3846 309 3905 constat
323 3840 613 3924 interpretationem
628 3841 664 3907 in
680 3864 793 3925 corpus
807 3842 936 3908 Alarici
950 3843 1005 3907 II.
1021 3849 1176 3925 receptam
1190 3864 1310 3925 mapua

188 3948 226 3993 eu
242 3935 338 4010 parte
360 3929 427 3994 iam
450 3936 524 3995 ante
547 3953 577 3994 a.
603 3936 678 3996 506.
702 3931 857 3996 eustitrsse
867 3932 888 3995 1.

299 4017 361 4100 Qui
389 4018 568 4084 Reccaredo
597 4020 628 4083 Ι.
659 4020 841 4102 fracmenta
871 4020 1050 4102 vindicant,
1080 4023 1211 4086 creduut
1239 4041 1310 4086 eum

187 4103 257 4170 ideo
274 4105 446 4189 praecepere
469 4107 550 4190 lepes
572 4109 773 4190 recensuisse,
797 4115 832 4173 ut
850 4112 1054 4176 concordaret
1076 4130 1131 4174 eas
1154 4131 1223 4175 cum
1245 4111 1309 4190 fide

187 4200 216 4258 et
238 4193 309 4259 iure
331 4195 477 4261 ecclesiae
500 4196 680 4279 catbolicae,
705 4199 859 4280 adquam
880 4197 948 4280 ipse
970 4219 1041 4264 cum
1049 4198 1168 4280 populo
1191 4219 1223 4263 se
1240 4219 1309 4265 con-

189 4384 435 4453 natitantem,
456 4388 541 4444 ‘teau
561 4388 807 4456 Recbtepcscbicbte’
826 4390 850 4455 Ι,
864 4406 894 4457 p.
908 4392 970 4446 977.
