3000 4934
238 386 293 439 ‘230
424 380 502 434 LEX
519 379 635 435 VISIG.
653 377 923 433 REGGESSVIND.
959 375 1042 444 vm,
1056 381 1081 444 1,
1094 378 1172 432 7-9.

241 563 400 648 publica⁰
429 562 626 637 constituti;
658 565 695 625 et
722 561 759 637 si,
788 561 881 642 quod
905 579 966 642 per
988 552 1182 623 iudicium‘¹
1207 559 1372 642 recipere

241 652 419 736 potuisset,
436 651 578 715 absente
594 670 644 726 eo,
661 652 782 731 qnem⁰
799 648 915 711 fuerat
927 650 1168 719 conventurus,
1184 647 1369 725 invaserit,

240 734 385 805 reddat‘
411 740 448 802 in
472 738 626 823 duplum.
673 737 710 800 Si
732 756 813 801 vero
839 735 922 800 illut
949 729 1147 811 invaserit‘,
1179 736 1273 817 quod
1302 737 1368 800 eig

240 828 337 892 nullo
372 827 500 890 iudicio
535 825 735 895 debebatur,
770 824 896 889 reddat
928 825 966 886 in
999 823 1155 907 triplum.
1214 824 1250 887 Si
1286 826 1372 907 quis

241 919 367 992 autem,
399 918 582 997 antequam
613 914 651 976 in
676 913 930 996 expeditionem
960 913 1207 996 proficiscatur,
1239 913 1286 976 ad
1309 935 1372 978 ne

241 1005 374 1087 gotium
402 1003 586 1067 dicendum
616 1002 740 1065 iudicis
766 1001 875 1064 tuerit
902 1001 1138 1064 admonitione
1161 1005 1370 1078 conventus,

241 1094 302 1154 aut
325 1112 386 1174 per
409 1111 445 1154 se
469 1110 607 1154 cansam
631 1089 744 1154 dicere
767 1110 837 1152 non
859 1091 1022 1164 moretur,
1047 1094 1109 1151 aut
1128 1110 1190 1173 per
1205 1091 1373 1154 mandati

240 1172 449 1263 iscripturah
470 1198 616 1263 persona
631 1178 748 1261 eligat,
773 1178 833 1260 qui
856 1177 1051 1241 adversario
1074 1198 1137 1240 suo
1159 1178 1275 1242 indice
1292 1199 1373 1262 pre

241 1271 338 1332 sente
371 1268 588 1352 respondeat.
643 1265 712 1344 Qui
741 1266 770 1329 si
798 1285 862 1329 nec
892 1266 1095 1328 mandatum
1130 1265 1267 1331 dederit
1300 1287 1372 1332 nec

241 1356 448 1440 respondere
470 1355 620 1419 voluerit
645 1358 680 1418 et
703 1355 751 1418 sic
774 1354 812 1416 in
835 1354 1053 1437 expeditione
1080 1355 1259 1437 profectus
1288 1376 1372 1419 cau-

241 1464 314 1508 sam
343 1465 413 1507 non
444 1444 578 1521 dixerit,
610 1446 792 1526 postquam
821 1435 1027 1506 conventus¹
1057 1442 1166 1506 fuerit
1193 1464 1214 1505 a
1236 1443 1371 1520 iudice,

241 1532 344 1595 iudex
375 1533 568 1596 adversario
599 1552 660 1595 suo
691 1552 756 1614 que
785 1530 966 1614 repetebat
999 1530 1119 1595 iubeat
1148 1531 1335 1595 reformari
1345 1532 1372 1594 ¹.

242 1618 301 1682 Illi
324 1623 452 1696 tamen,
477 1621 559 1683 dum
582 1639 738 1683 reversus
761 1619 878 1694 fuerit,
903 1619 994 1682 actio
1016 1622 1219 1684 reservetur.

324 1788 406 1846 VIII.
437 1788 606 1845 FLAVIUS
625 1786 839 1844 GLORIOSUS
858 1787 1169 1844 REGOESSVINDUS
1186 1788 1276 1846 REX.

243 1900 286 1965 si
309 1901 481 1984 aliquid
503 1901 731 1965 inlicitum
753 1901 926 1964 faciant
950 1900 1066 1964 servi
1089 1901 1198 1977 eius,
1223 1903 1298 1984 qui
1321 1904 1372 1966 in

360 1990 644 2074 expeditione
669 1992 734 2053 est
758 1988 938 2072 publica
962 1990 1249 2052 constitutus.

349 2095 386 2160 Si
407 2095 503 2160 illius
526 2097 624 2173 servi,
653 2096 713 2179 qni
740 2096 777 2158 in
804 2094 944 2178 publica
967 2094 1185 2178 expeditione
1209 2098 1262 2159 est
1287 2115 1371 2160 con-

242 2184 395 2262 stitutus,
426 2184 464 2247 in
494 2184 610 2268 aliquo
641 2184 783 2248 crimine
811 2186 873 2246 aut
899 2181 1035 2246 inlicito
1057 2183 1153 2246 facto
1176 2185 1365 2267 perventi⁸

243 2272 421 2335 extiterint
443 2273 499 2337 vel
524 2273 662 2349 detecti,
688 2272 836 2336 aiudice
860 2271 1091 2355 corripiantur
1114 2274 1150 2336 et
1172 2272 1369 2337 secundum

242 2359 354 2443 legem
376 2361 475 2423 iuxta
497 2361 702 2443 qualitatem
726 2361 827 2444 culpe
851 2360 1027 2425 cedantur.
1064 2359 1165 2438 Quod
1187 2361 1294 2424 sires
1318 2363 1369 2425 ad

243 2448 505 2530 conponendum
527 2448 583 2512 vel
607 2449 651 2511 ad
676 2449 812 2512 eosdem
835 2469 949 2512 servos
971 2449 1158 2512 tradendos
1180 2448 1299 2526 fuerit,
1325 2450 1369 2513 in
1397 2481 1428 2520 a.

243 2528 459 2598 custodiamb
490 2538 678 2600 teneantur
701 2557 721 2599 a
743 2535 867 2614 iudice,
899 2537 1008 2601 donec
1039 2537 1198 2600 dominus
1220 2538 1367 2603 veniens

243 2625 304 2685 aut
320 2624 599 2705 conpositionem,
620 2624 650 2687 si
664 2624 822 2702 voluerit,
847 2624 1035 2708 adinpleat,
1060 2627 1130 2702 aut,
1155 2625 1184 2687 si
1198 2625 1366 2705 noluerit,

243 2730 300 2775 eos
330 2711 523 2775 evidentius
554 2713 682 2776 tradat.
733 2712 771 2776 Si
799 2732 881 2777 vero
914 2713 1043 2777 iniuste
1078 2733 1194 2777 servus
1229 2715 1367 2780 occisus

241 2798 349 2864 fuerit
384 2802 445 2863 ant
479 2800 638 2864 subditus
673 2801 858 2883 questioni,
895 2804 1017 2865 contra
1053 2802 1167 2866 iudice
1202 2801 1366 2867 dominus

242 2888 339 2966 servi,
371 2909 449 2953 cum
479 2907 635 2954 reversus
664 2888 781 2966 fuerit,
813 2909 951 2954 causam
979 2890 1092 2955 dicere
1120 2910 1189 2954 non
1211 2893 1365 2955 vetetur.

626 3058 725 3116 vnn.
756 3058 968 3130 annonara.

285 3169 345 3236 Da
373 3171 456 3249 his,
486 3173 557 3255 qni
585 3173 629 3235 in
657 3172 941 3255 expeditione
966 3176 1120 3237 euntes
1144 3172 1317 3256 aliquid

385 3260 563 3325 auferre
586 3260 655 3325 vel
679 3261 921 3344 depredare
944 3263 1210 3344 presumunt.

348 3363 416 3444 Qui
443 3366 480 3429 in
504 3366 756 3450 expeditionem
780 3366 921 3443 vadunt,
953 3386 1020 3448 que
1047 3366 1255 3431 abstulerint
1281 3388 1365 3449 qua·

242 3453 357 3537 drupli
384 3454 621 3518 satisfactione
649 3455 847 3518 restituant.
895 3452 996 3531 Quod
1019 3455 1048 3518 si
1070 3475 1141 3518 non
1163 3455 1362 3536 habuerint,

240 3541 332 3605 unde
365 3545 576 3625 conponant,
612 3563 684 3606 rem
717 3541 875 3624 simplam
904 3542 1054 3606 reddant
1086 3546 1121 3607 et
1148 3554 1195 3610 GL
1221 3543 1365 3627 flagella

241 3630 440 3712 suscipiant.
488 3628 589 3708 Quod
617 3631 646 3693 si
673 3629 871 3693 nolentibus
900 3631 1047 3695 dominis
1074 3632 1162 3696 servi
1185 3634 1251 3696 hoc
1273 3632 1364 3697 fece·

240 3716 320 3792 rint,
349 3736 421 3781 rem
446 3717 564 3782 ablata
586 3718 623 3780 in
645 3710 778 3781 istatub
806 3719 997 3784 reforment
1021 3723 1056 3785 et
1079 3730 1123 3786 00
1145 3718 1286 3803 flagella
1308 3741 1364 3784 ex-

241 3804 330 3868 tensi
361 3806 594 3871 sustineant0.
649 3804 755 3870 Cuius
784 3806 835 3870 rei
865 3807 1079 3873 exactionem
1109 3808 1364 3892 provinciarum

347 3980 368 4025 c)
384 3978 466 4028 publca
481 3978 527 4020 121.
608 3975 631 4026 (1)
649 3975 734 4017 indicto
749 3979 853 4028 accipere
867 3990 913 4019 non
926 3990 948 4029 p.
962 3981 1008 4022 111.
1090 3982 1111 4028 e)
1128 3981 1161 4018 ita
1174 3980 1206 4029 E,·
1227 3990 1294 4029 qusm
1308 3981 1363 4032 1313

241 4040 284 4079 quc
299 4031 348 4073 132.
401 4028 554 4079 018111111-
568 4031 679 4072 lunser-lt
696 4032 739 4074 der.
753 4032 802 4075 111.
855 4035 878 4082 g)
891 4034 916 4072 ln
925 4044 970 4083 pro
985 4034 1005 4074 el
1020 4034 1067 4077 122.
1124 4034 1147 4081 h)
1161 4034 1296 4083 scripturam
1310 4044 1364 4083 per-

240 4094 317 4123 sonam
332 4085 353 4124 R
362 4084 381 4126 1.
435 4085 451 4133 1)
466 4084 535 4124 fuerit
549 4094 654 4124 reversus
669 4089 795 4125 conventus
809 4085 858 4129 Bt.

347 4138 409 4179 v111.
450 4139 518 4186 ι)11α
533 4137 579 4180 121,
589 4138 608 4180 2.
662 4138 685 4186 b)
700 4136 802 4178 custodia
816 4139 866 4184 1111,

347 4191 422 4233 VIIII.
462 4193 485 4238 ι)
498 4191 554 4229 accat
568 4191 616 4234 Ra.
670 4192 694 4239 b)
707 4195 769 4232 statu
783 4192 831 4234 122.
886 4195 907 4240 c)
921 4196 1050 4234 sustentent
1063 4194 1112 4236 122.

241 4330 267 4399 1)
286 4332 326 4396 cf.
346 4332 438 4398 noan,
459 4333 566 4398 ‘wana
586 4332 792 4400 1111311150.
