3000 4934
254 364 306 417 104
445 357 523 415 LEX
540 357 657 415 VISIG.
675 356 946 415 Recorssvmn.
982 355 1037 425 III,
1055 360 1082 425 4,
1100 361 1179 414 2-5.

674 533 713 590 Η.
744 532 953 603 ΑΝΤΙρυΑι.

254 649 298 712 Si
325 646 475 732 puella
502 647 570 712 vel
598 647 756 711 mulier
784 640 1068 730 disponsatab
1096 646 1382 712 adulterasse

663 735 956 819 repperiatur.

361 843 420 906 Si¹
443 844 535 907 inter
558 862 721 926 sponsum
745 845 781 906 et
804 861 927 926 sponse
949 844 1111 925 parentes
1130 845 1192 905 aut
1207 861 1287 905 cum
1302 841 1383 925 ipsa

253 933 412 996 forsitam
447 931 659 1007 mulierem⁰‚
695 950 761 1014 que
795 931 833 992 in
867 950 929 994 suo
962 931 1129 995 consistat
1158 925 1381 1005 arbitriumd,

254 1022 336 1084 dato
360 1021 472 1103 pretio
495 1022 540 1095 et,
565 1020 655 1083 sicut
679 1019 892 1083 consuetudo
911 1022 973 1095 est,
998 1022 1080 1083 ante
1095 1022 1203 1084 testes
1218 1019 1376 1082 iactum⁰

253 1108 422 1193 placitum
446 1109 488 1172 de
511 1108 633 1172 futuro
656 1108 816 1191 coniugio
839 1107 948 1172 fuerit
971 1107 1162 1184 definitum,
1193 1111 1230 1173 et
1256 1110 1382 1191 postea
1409 1138 1435 1175 a.

253 1196 372 1281 puella
392 1190 470 1260 uelr
497 1196 621 1261 mulier
643 1196 854 1261 adulterium
877 1196 1074 1261 conmisisse
1098 1196 1282 1280 detegitur,
1307 1217 1382 1259 una
1410 1226 1434 1263 a.

254 1307 333 1350 cum
349 1285 507 1350 adultero
523 1286 698 1369 puniatur,
723 1288 784 1348 aut
800 1288 893 1349 certe
910 1285 951 1362 ei,
973 1285 1059 1367 quiss
1076 1285 1235 1369 isponsus
1249 1284 1380 1360 fuerat,
1409 1315 1432 1353 ο.

254 1374 355 1439 ambo
389 1375 583 1450 tradantur,
623 1378 664 1436 ut
699 1374 741 1438 de
778 1367 853 1438 eis¹¹
893 1374 985 1456 quod
1020 1366 1188 1438 voluerit¹
1224 1373 1381 1437 faciendi

254 1463 382 1528 habeat
412 1465 631 1546 potestatem,
662 1465 699 1526 et
728 1463 879 1546 pretium
909 1463 954 1526 ad
983 1461 1083 1525 illum
1114 1481 1286 1545 sponsum,
1318 1463 1381 1544 qui

255 1552 407 1627 dederat,
432 1554 637 1615 revertatur.

679 1720 735 1778 111.
765 1720 950 1792 armona

521 1833 581 1898 De
612 1834 908 1898 adulterium⁸
942 1834 1102 1899 uxoris.

362 1958 399 2023 Si
414 1959 600 2023 cuiuslibet
622 1979 709 2023 uxor
725 1959 935 2023 adulterium
957 1957 1082 2023 iecerit
1104 1961 1141 2022 et
1163 1957 1382 2041 deprehensa

253 2068 324 2112 non
339 2048 456 2125 fuerit,
481 2052 562 2112 ante
582 2047 732 2112 iudicem
753 2047 1018 2132 conpetentibus
1041 2047 1148 2130 signis
1162 2046 1218 2111 vel
1240 2046 1381 2110 indiciis

254 2137 398 2201 maritus
432 2139 580 2201 accuset.
634 2136 680 2199 Et
710 2138 739 2200 si
769 2136 922 2201 mulieris
952 2135 1164 2200 adulterium
1193 2135 1381 2199 manifeste

253 2227 417 2309 patuerit,
446 2225 583 2290 adulter
606 2228 642 2290 et
666 2225 826 2290 adultera
848 2225 915 2309 ipsi
936 2225 1130 2301 mudantur,
1154 2226 1195 2287 ut
1218 2223 1311 2306 quod
1336 2223 1381 2288 de

254 2315 302 2378 eis
326 2314 441 2379 facere
464 2313 613 2378 voluerit
635 2307 692 2376 inb
716 2315 790 2379 eius
813 2314 952 2398 proprio
976 2313 1143 2377 consistat
1166 2312 1321 2376 arbitrio.

670 2520 742 2578 1111.
772 2518 956 2589 narraui.

373 2633 416 2697 Si
446 2634 624 2698 adulter
654 2655 746 2698 cum
776 2633 982 2698 adultera
1012 2633 1252 2697 occidatur.

361 2757 420 2822 Si2
442 2758 639 2823 adulterum
663 2779 741 2822 cum
765 2757 923 2822 adultera
946 2757 1091 2821 maritus
1114 2755 1288 2831 occiderit,
1313 2776 1380 2839 pro

253 2846 439 2910 homicidio
463 2868 533 2911 non
555 2849 726 2911 teneatur.

688 3035 724 3092 v.
754 3033 939 3103 Arriam.

281 3147 325 3212 Si
354 3153 480 3232 pater
509 3148 579 3212 vel
609 3148 847 3232 propinqui
876 3148 920 3210 in
951 3147 1072 3210 domo
1103 3144 1350 3209 adulteram

596 3237 847 3301 occiderint
877 3235 1032 3299 filiam.

361 3343 397 3408 si
427 3343 535 3407 filiam
565 3344 602 3407 in
632 3343 843 3408 adulterium
873 3345 972 3426 pater
1001 3342 1039 3404 in
1069 3341 1171 3405 domo
1200 3358 1263 3402 sua
1292 3339 1378 3402 ocei-

253 3432 352 3509 derit,
383 3431 517 3495 nullam
547 3452 672 3516 penam
696 3435 757 3495 aut
780 3431 989 3496 calumniam
1012 3431 1176 3494 incurrat.
1224 3427 1262 3492 Si
1284 3429 1378 3491 certe

253 3540 424 3585 reservare
450 3541 526 3584 eam
548 3520 707 3595 voluerit,
739 3520 891 3584 faciendi
922 3520 964 3582 de
995 3523 1056 3582 eaa
1086 3521 1122 3582 et
1152 3518 1194 3582 de
1218 3515 1378 3581 adultero

360 3728 390 3769 ΙΙ.
431 3730 453 3775 a)
467 3728 524 3767 dcere
538 3727 584 3768 122.
652 3727 675 3774 b)
690 3730 797 3776 sponsata
810 3726 857 3768 122.
926 3729 946 3774 o)
960 3725 1055 3765 muliere
1069 3726 1116 3768 ΒΞ,
1184 3723 1207 3773 d)
1220 3724 1315 3764 arbitrio
1330 3723 1378 3766 132.

254 3784 275 3828 e)
289 3781 348 3820 facto
362 3780 446 3829 placito
460 3782 507 3824 122.
574 3780 724 3827 odeactRl.
792 3783 815 3829 g)
829 3790 873 3828 que
887 3790 981 3829 sponsus
996 3779 1043 3822 122.
1111 3779 1134 3827 h)
1149 3777 1184 3818 his
1199 3778 1245 3821 122.
1308 3777 1324 3825 i)
1339 3786 1379 3818 vo-

253 3834 338 3874 luerint
351 3835 402 3931 llil.
443 3889 465 3934 a)
479 3885 592 3927 adulterio
606 3887 653 3929 122.
707 3886 730 3934 b)
745 3886 769 3926 ln
783 3887 831 3926 eius
845 3887 889 3929 des.
903 3887 949 3929 Rl.

360 3941 387 3984 V.
427 3944 450 3989 ι)
464 3941 496 3979 lta
510 3940 562 3990 1213
582 3941 653 3989 Ipsam
667 3940 718 3990 1223
733 3940 783 3988 ipsa
796 3940 822 3982 E.

255 4119 281 4186 1)
303 4118 344 4182 Cf.
364 4120 500 4185 Brunner,
529 4118 574 4173 ‘D.
594 4118 665 4172 Bo!
689 4117 733 4184 II,
757 4136 785 4186 p.
806 4120 873 4179 662:
901 4118 995 4183 Solem,
1023 4114 1264 4182 ‘Eheeehlueauno’
1287 4131 1315 4181 p.
1335 4115 1377 4167 76.

253 4190 282 4257 2)
299 4189 341 4255 Of.
360 4190 393 4245 L.
412 4191 497 4256 Bury.
518 4191 568 4250 68,·
592 4189 624 4244 L.
644 4190 719 4242 Rom.
739 4189 825 4256 Bura.
845 4191 887 4244 25.
926 4190 984 4242 Lex
1001 4203 1034 4240 ecc
1052 4189 1112 4239 iure
1130 4187 1251 4239 Rornono
1275 4190 1379 4252 recepta

252 4267 307 4324 esa·
333 4262 368 4325 cf.
388 4262 416 4316 ll.
436 4263 478 4316 21.
498 4263 542 4326 24,
562 4263 624 4324 §4‚·
642 4262 684 4316 25.
704 4261 768 4327 Dry.
788 4260 923 4326 XLVIII,
943 4262 976 4321 5,·
1000 4277 1023 4314 v.
1043 4260 1173 4311 Brunner
1191 4258 1208 4312 l.
1228 4271 1249 4311 c.
1269 4273 1298 4323 p.
1315 4257 1377 4320 663,

254 4350 281 4388 n.
294 4333 345 4393 40,-
363 4332 517 4398 Rcsenthal‚
538 4331 731 4399 ‘Rechtsfolyen
749 4333 794 4385 dee
812 4332 978 4385 Ehabmwhs'
992 4348 1021 4398 p.
1033 4333 1070 4386 43
1082 4346 1137 4397 sqq.
1156 4329 1200 4384 50.
