3000 4934
368 1265 444 1338 DE
478 1263 761 1338 NEGOTIIS
797 1263 1139 1341 CAUSARUM.

435 1488 646 1599 LIBER
683 1487 1073 1601 SECUNDUS.

260 1742 289 1806 Ι.
306 1741 520 1808 TITULUS:
546 1741 609 1806 DII
633 1741 881 1808 IUDIOIBUS
905 1741 963 1806 ΕΤ
987 1741 1241 1808 IUDIOATIS.

364 1866 393 1930 Ι.
430 1865 531 1945 Quod
561 1868 597 1931 et
626 1866 723 1950 regia
752 1869 905 1951 potestas
942 1869 978 1931 et
1007 1867 1214 1952 populorum
1243 1870 1316 1931 uni-

427 1955 572 2020 versitas
595 1954 734 2037 legum³
760 1955 953 2019 reverentie
977 1955 1023 2018 sit
1046 1955 1213 2021 subiecta.

343 2043 392 2108 ΙΙ.
430 2043 531 2123 Quod
554 2042 645 2106 nulli
667 2041 763 2125 leges
785 2043 917 2107 nescire
940 2041 1055 2107 liceat.

321 2132 392 2196 III.
429 2130 529 2211 Quod
547 2134 651 2195 antea
666 2123 846 2194 ordinareb
866 2131 1021 2215 oportuit
1043 2131 1204 2215 negotiac
1225 2133 1314 2218 prin-

429 2221 553 2305 cipum,
578 2222 698 2304 postea
720 2218 937 2304 populorum.

300 2308 392 2372 IIII.
428 2307 481 2374 De
510 2311 680 2393 tempore,
716 2328 784 2392 quo
818 2306 968 2373 debeant
1002 2308 1096 2393 leges
1132 2311 1313 2376 emendate

427 2397 553 2462 valere.

350 2486 390 2550 V.
426 2486 480 2552 De
503 2485 698 2572 principum
721 2485 914 2571 cupiditate
937 2487 1103 2551 damnata
1126 2507 1312 2572 eorumque

425 2575 536 2640 initiis
570 2574 785 2653 ordinandis,
822 2569 879 2640 et(l
915 2574 1065 2658 qualiter
1100 2576 1312 2642 conficiende

425 2668 508 2730 sunt
531 2664 700 2749 scripture
722 2663 760 2728 in
782 2664 921 2729 nomine
944 2664 1056 2749 princi
1079 2685 1140 2728 um
1161 2664 1266 2731 facte.

328 2753 390 2818 VI.
426 2753 480 2819 De
502 2753 567 2832 hie,
592 2753 652 2837 qui
672 2756 793 2818 contra
808 2752 999 2838 principem
1013 2687 1079 2819 ved
1086 2757 1227 2838 gentem
1249 2758 1312 2818 aut

424 2842 574 2927 patriam
596 2841 731 2926 refugi0
759 2841 815 2906 vel
837 2841 1029 2907 insulentes
1053 2842 1217 2907 existunt.

162 2990 165 2996 ,
306 2930 389 2995 VII.
425 2930 478 2996 De
510 2951 582 2995 non
612 2930 826 2995 criminando
856 2931 1049 3016 principem
1077 2951 1142 2997 nec
1171 2931 1311 2997 maledi-

425 3020 534 3084 cendo
557 3018 622 3082 illi.

286 3108 389 3172 VIII.
424 3107 479 3172 De
500 3107 643 3172 remotis
666 3106 858 3171 alienarum
881 3107 1038 3189 gentium
1060 3106 1207 3190 legibue.

264 3195 389 3261 VIIII.
423 3194 478 3260 Ne
491 3198 635 3279 excepto
646 3193 755 3258 talem
766 3192 904 3272 librum,
921 3193 1033 3277 qualis
1045 3195 1112 3272 hic,
1129 3196 1189 3278 qui
1199 3216 1311 3280 nuper

424 3287 477 3348 est
494 3282 617 3361 editus,
635 3275 806 3348 alterum‘
819 3282 963 3366 quisque
978 3287 1155 3367 presumat
1170 3282 1309 3349 habere.

343 3373 387 3438 X.
423 3372 476 3438 De
508 3370 629 3436 diebus
658 3370 759 3436 iestis
789 3373 825 3436 et
853 3370 998 3448 feriatis,
1029 3370 1067 3437 in
1092 3370 1216 3455 quibus
1239 3392 1310 3435 non

423 3463 506 3526 eunt
528 3461 670 3545 negotia
695 3454 951 3544 [exequendaSI

322 3551 386 3616 XI.
421 3550 472 3615 Ut
499 3548 601 3615 nullu
630 3570 734 3615 causa
763 3570 784 3615 a
812 3548 986 3614 iudicibus
1014 3548 1187 3625 audiatur,
1218 3542 1306 3632 queh

422 3639 558 3724 legibus
581 3659 653 3704 non
673 3640 827 3704 tenetur.

303 3728 388 3794 XII.
424 3727 473 3794 Ut
494 3727 681 3793 terminate
704 3720 824 3792 cause¹
850 3725 1053 3791 nullatenus
1075 3726 1307 3805 revolvuntur,

421 3810 582 3900 reliquek
613 3835 694 3881 vero
724 3817 769 3880 ad
798 3814 880 3880 libri
909 3815 1013 3879 huius
1043 3815 1166 3880 seriem
1195 3817 1308 3880 termi-

422 3909 560 3983 nentur,
592 3905 765 3970 adiciendi
792 3903 886 3987 leges
909 3903 1122 3989 principibus
1145 3902 1307 3968 libertate

422 3997 596 4060 manente.

291 4185 357 4228 mn.
372 4185 406 4228 11.
433 4185 491 4228 ul'r.
506 4184 524 4228 Ι.
564 4185 587 4232 ι)
600 4183 615 4227 l.
629 4204 656 4212 -
669 4183 772 4224 subiect·
789 4183 833 4226 du.
847 4182 896 4227 M.
953 4181 977 4230 b)
990 4178 1093 4222 ordinari
1106 4181 1156 4223 m.
1210 4183 1231 4230 c)
1245 4191 1267 4225 n.
1281 4201 1307 4210 -

186 4238 319 4289 populorum
333 4239 377 4282 aa.
392 4239 413 4278 R
422 4238 442 4281 8.
496 4235 520 4286 d)
534 4240 559 4278 et
571 4257 598 4268 -·
611 4237 672 4278 iacto
685 4237 729 4280 dcc.
744 4235 792 4279 m.
847 4238 868 4285 e)
882 4234 959 4278 ress-
968 4235 1071 4276 exutum
1083 4235 1127 4278 aar.
1141 4233 1191 4277 Μ.
1243 4233 1307 4281 oct·

186 4297 259 4331 terrm
269 4313 295 4321 -
304 4291 390 4332 hebere
403 4292 447 4334 der.
460 4291 481 4330 R
489 4291 509 4334 Ι.
563 4292 586 4341 ς)
599 4290 711 4330 ommdaoi
724 4300 752 4329 aa
765 4289 855 4328 rubr-im
868 4292 950 4339 textum
963 4285 1106 4338 exquirenda
1119 4288 1173 4338 1313
1187 4287 1245 4326 duct
1259 4288 1279 4325 R
1287 4287 1307 4329 2.

186 4344 211 4391 h)
225 4354 269 4392 que
282 4365 309 4374 -
322 4349 414 4386 tenetur
428 4345 472 4388 du,
485 4345 506 4384 B
515 4344 534 4388 2.
589 4343 606 4393 ί)
619 4342 728 4393 proterite
742 4343 794 4388 add.
807 4342 857 4386 132.
911 4342 935 4391 k)
949 4341 1072 4393 relique·
1081 4345 1187 4382 manente
1200 4341 1245 4383 dcc.
1259 4341 1279 4378 R
1288 4340 1307 4380 2.

267 4431 392 4483 mavum
404 4437 452 4478 tut.
1075 4431 1093 4483 3
