3000 4934
183 361 236 415 202
359 356 438 411 LEX
455 355 572 416 visio.
590 354 860 411 RaoonssVIND.
897 353 948 423 VI,
968 358 993 424 5,
1012 358 1125 411 18-20.

184 540 290 603 etiam
313 540 404 616 fisce,
430 538 458 602 si
482 531 646 601 heredesf
673 537 843 621 proximos
868 537 999 601 occisus
1022 558 1091 601 non
1115 538 1308 620 reliquerit,

184 629 316 692 sociari.
355 627 447 691 Nam
464 626 663 690 homicidag
688 619 777 690 nec¹¹
797 625 1025 690 facultatibus
1049 626 1118 689 suis
1139 626 1310 690 liberatus

183 720 312 793 utetur,
338 716 443 780 etiam
466 708 512 779 si¹
540 734 664 798 penam
687 715 807 779 mortis
832 715 974 779 evadere
998 718 1181 779 mereatur.

562 884 688 940 xvim.
720 884 933 954 ANTIQUAa.

250 999 293 1062 si
324 992 367 1061 ab
399 999 593 1083 proximo
624 998 856 1080 sanguinis
887 1017 989 1061 casu
1019 998 1240 1081 proximus

514 1086 515 1090 ’
623 1087 864 1150 occidatur.

293 1193 330 1257 Si
358 1197 456 1277 pater
483 1193 594 1256 filiurn
623 1196 684 1256 aut
707 1196 818 1257 mater
842 1192 949 1256 filiam
973 1197 1033 1257 aut
1057 1193 1149 1256 filius
1173 1198 1312 1277 patrem

186 1286 247 1347 aut
270 1282 379 1347 frater
394 1282 539 1346 fratrem
556 1286 617 1346 aut
632 1282 822 1364 quemlibet
846 1281 911 1344 sibi
929 1283 1179 1366 propinquum⁰
1200 1284 1312 1366 gravi-

185 1371 249 1435 bus
266 1375 405 1435 ccactus
428 1372 573 1448 iniuriis,
599 1375 660 1434 aut
679 1372 762 1434 dum
776 1373 958 1453 repugnat,
984 1372 1158 1446 occiderit,
1184 1376 1220 1435 et
1242 1373 1311 1436 hoc

185 1461 318 1524 idoneis
341 1459 499 1535 testibus,
525 1460 649 1541 quibus
665 1460 788 1523 merito
805 1459 889 1523 fides
905 1461 1014 1542 possit
1030 1460 1197 1536 adhiberi,
1224 1464 1311 1545 aput

185 1549 335 1612 iudicem
351 1549 504 1632 potuerit
520 1548 721 1632 adprobare,
746 1548 838 1630 quod
862 1548 1103 1630 parracidium
1129 1549 1212 1612 dum
1235 1570 1311 1632 pro·

186 1638 296 1720 priam
308 1638 414 1700 vitam
427 1639 554 1713 tuetur,
573 1637 760 1712 admiserit,
778 1656 916 1700 securus
929 1637 1102 1714 abscedat,
1120 1657 1183 1701 nec
1196 1638 1312 1700 ullum

185 1726 256 1789 vite
287 1725 479 1809 periculum
510 1728 571 1788 aut
601 1725 781 1808 dispendia
810 1725 1021 1788 facultatum
1050 1726 1106 1790 vel
1135 1729 1312 1791 tormenta

185 1814 359 1891 formidet,
383 1813 446 1876 illa
470 1814 676 1878 discretione
699 1816 844 1890 servata,
870 1834 936 1896 que
959 1816 996 1878 in
1016 1816 1149 1878 cunctis
1174 1815 1311 1878 casibus

187 1905 239 1967 est
263 1904 305 1966 de
330 1902 524 1966 homicidiis
549 1903 749 1966 constituta.

281 2073 345 2129 XX.
375 2073 545 2129 FLAVIUS
564 2073 778 2130 GLORIOSUS
797 2073 1106 2129 REGGESSVINDUS
1125 2074 1213 2129 REX.

188 2185 231 2249 Si
252 2205 401 2250 servus
423 2206 590 2251 servum
611 2187 785 2251 casibus
807 2187 1070 2272 prescriptis
1090 2187 1312 2251 hoccidat.

295 2292 330 2355 si
346 2294 480 2357 cunctis
495 2314 599 2377 supra
614 2294 750 2378 scriptis
766 2294 900 2357 casibus
917 2314 1034 2357 servus
1050 2314 1185 2357 servum
1200 2294 1312 2357 hocci-

188 2381 278 2444 disse
307 2382 491 2465 detegitur,
523 2402 658 2447 omnem
690 2383 935 2466 conpositionis
966 2403 1144 2459 summam,
1176 2402 1242 2465 que
1268 2384 1311 2447 de

189 2488 269 2532 casu
292 2469 382 2532 talia
410 2473 462 2533 est
485 2471 687 2535 hoccasione
712 2474 841 2548 taxata,
871 2472 960 2536 servi
988 2472 1146 2535 dominus
1175 2492 1216 2536 ex
1243 2491 1312 2535 me·

188 2558 318 2621 dietate
350 2559 487 2622 domino
518 2559 606 2623 servi
636 2560 819 2642 persolvat.
868 2559 968 2639 Quod
996 2562 1025 2624 si
1051 2582 1113 2644 pro
1144 2581 1184 2624 eo
1215 2561 1312 2624 satis·

186 2646 301 2710 facere
325 2650 533 2724 contemnat,
560 2668 695 2711 servum
719 2650 792 2713 sine
817 2650 922 2713 dnbio
945 2651 1073 2713 tradat.

294 2819 452 2866 obereslll.
506 2819 716 2869 g)homicideR1.
770 2823 898 2870 h)neRl.
952 2823 968 2870 i)
983 2822 1099 2864 contar.

294 2873 389 2914 XVIIII.
430 2876 452 2921 a)
466 2875 523 2912 deest
536 2874 585 2917 122.
640 2875 663 2921 b)
677 2875 733 2912 deest
747 2875 793 2917 121.
848 2875 1071 2925 appropinquem.

293 2927 339 2968 XX.
380 2928 402 2974 a)
416 2926 460 2966 alio
475 2928 521 2970 121.
