3000 4934
362 354 440 408 anx
458 353 573 411 vrsre.
592 354 861 411 naccassvmu
898 355 998 425 vrm,
1016 361 1042 425 2,
1061 359 1086 413 a
1100 360 1124 414 c.
1253 361 1304 412 271

186 539 328 621 accepit,
353 538 389 600 in
412 538 642 621 novecuplum
661 539 779 602 comiti
800 539 950 602 civitatis
974 543 1118 622 cogatur
1139 539 1304 613 exolvere,

187 630 222 691 et
245 647 311 702 eos,
343 647 427 708 quos
451 627 634 709 rogaverit,
667 627 749 690 dum
773 631 863 691 esset
886 647 998 703 sanus,
1027 632 1068 691 ut
1092 649 1171 692 eum
1193 629 1230 691 in
1254 649 1306 692 ex-

186 716 396 799 peditionem
419 736 489 779 non
505 715 750 799 conpellerent,
776 717 881 780 etiam
905 717 934 779 si
957 716 1090 779 nullam
1113 717 1306 781 mercedem

186 805 228 867 ab
254 825 293 867 eo
317 805 523 887 acceperint,
547 804 610 881 illi,
634 805 694 887 qui
718 823 797 868 eum
815 804 1054 880 relaxaverint,
1078 805 1227 869 reddant
1243 825 1306 889 pro

187 913 226 956 eo
250 893 369 956 comiti
392 893 542 957 civitatis
566 893 692 956 solidos
709 905 746 959 V.
782 893 976 956 Thiufadus
997 915 1076 958 vero
1099 897 1223 976 querat
1246 913 1307 976 per

187 982 400 1045 centenarios
424 1001 512 1058 suos,
540 985 576 1046 et
599 982 789 1045 centenarii
812 1002 873 1065 per
898 982 1053 1057 decanea,
1078 985 1113 1046 et
1137 982 1166 1045 si
1190 985 1306 1064 potue-

186 1071 255 1132 rint
280 1090 493 1152 cognoscere,
525 1070 606 1151 quia
635 1090 696 1153 per
727 1091 861 1153 precem
891 1074 952 1133 aut
975 1091 1035 1154 per
1057 1070 1307 1135 redemtionem

187 1159 231 1221 ad
256 1159 395 1221 domum
418 1178 515 1220 suam
537 1159 731 1241 refugerint
754 1161 815 1222 aut
839 1159 999 1223 dedomo
1023 1160 1059 1221 in
1076 1160 1210 1222 hostem
1234 1179 1307 1242 pro-

187 1247 292 1309 ficisci
311 1246 496 1322 noluerint,
520 1249 605 1310 tunc
621 1246 803 1309 thiufadus
819 1247 994 1331 preposito
1011 1242 1166 1310 comitisd
1186 1251 1307 1310 notum

187 1335 294 1397 faciat
317 1338 353 1398 et
376 1335 504 1398 scribat
528 1335 646 1398 comiti
670 1335 829 1410 civitatis,
861 1335 898 1396 in
928 1335 1024 1398 cuius
1053 1339 1105 1399 est
1132 1334 1307 1398 territorio

188 1423 406 1499 constitutus,
436 1427 477 1486 ut
505 1443 617 1487 comes
642 1423 792 1487 civitatis
815 1423 1038 1499 vindictam0,
1070 1444 1135 1505 que
1166 1424 1204 1486 in
1231 1424 1307 1506 lege

187 1511 300 1594 posita
329 1514 391 1586 est,
423 1511 466 1576 de
497 1512 560 1586 his,
592 1512 652 1594 qui
682 1532 743 1594 pro
774 1531 809 1575 se
839 1515 964 1595 rogant
992 1515 1053 1575 aut
1081 1513 1140 1594 qui
1164 1532 1199 1576 se
1222 1513 1307 1576 redi·

187 1603 296 1673 munt,
321 1603 383 1662 aut
405 1599 576 1664 thiufadis
591 1601 647 1664 vel
664 1600 869 1665 centenariis
892 1605 954 1664 aut
977 1601 1115 1665 decanis
1131 1601 1186 1665 vel
1203 1601 1307 1664 servis

187 1688 366 1752 dominicis
383 1682 519 1753 omnies
537 1690 581 1752 ad
597 1690 771 1772 integrum
786 1688 919 1773 inplere
935 1710 1005 1754 non
1021 1689 1171 1754 differat.
1208 1688 1308 1768 Quod

188 1777 242 1839 sig
268 1777 420 1860 exegerit
443 1780 479 1841 et
503 1776 665 1842 celaverit
694 1781 729 1842 et
756 1778 793 1840 in
821 1779 981 1843 notitiam
1011 1800 1081 1842 non
1112 1778 1306 1862 protulerit,

187 1866 311 1942 omnia,
336 1886 402 1948 que
418 1867 542 1950 exegit,
563 1867 600 1929 in
615 1867 846 1951 novecuplum
861 1868 1000 1943 reddat;
1027 1870 1062 1931 et
1081 1867 1109 1930 si
1126 1870 1307 1950 corruptus

187 1954 229 2016 ab
255 1954 369 2037 aliquo
392 1954 448 2018 vel
471 1948 629 2037 rogitush
650 1947 803 2038 exigere¹
827 1955 1010 2031 distulerit,
1035 1956 1072 2017 in
1097 1954 1241 2038 duplum
1265 1955 1307 2018 de

188 2043 326 2126 propria
348 2042 518 2107 facultate
542 2043 734 2106 satisfaciat
757 2042 837 2118 illis,
862 2045 921 2124 qui
943 2044 1035 2107 inter
1056 2063 1091 2106 se
1108 2044 1197 2105 hanc
1221 2042 1307 2105 solu-

187 2131 318 2193 tionem
336 2131 478 2195 fuerant
494 2131 646 2193 divisuri.
683 2128 783 2209 Quod
807 2131 836 2194 si
859 2134 937 2214 post
961 2134 1115 2195 exactam
1139 2150 1211 2194 rem
1234 2130 1308 2213 regi

188 2222 309 2280 notum
328 2239 398 2282 non
414 2219 547 2295 fecerit,
573 2221 612 2280 ut
636 2219 708 2303 ipse
732 2220 797 2283 hoc
821 2219 940 2284 iubeat
963 2219 1000 2282 in
1022 2219 1149 2295 thiufa,
1175 2219 1230 2283 cui
1254 2219 1308 2283 de·

188 2306 345 2382 bebatur,
378 2307 539 2383 dividere,
574 2309 635 2370 aut
665 2328 777 2372 comes
809 2307 959 2372 civitatis
987 2309 1131 2373 reddere
1161 2308 1308 2373 fortasse

189 2395 391 2473 dissimulet,
420 2396 608 2480 undecupli
638 2397 920 2480 compositionem
944 2398 992 2461 eis
1016 2397 1215 2462 satisfacere
1238 2418 1308 2460 non

187 2488 349 2548 moretur.

599 2603 650 2659 vr.
681 2602 894 2673 ANTIQUAa.

187 2715 246 2778 De
275 2716 358 2792 his,
390 2717 463 2799 qui
491 2737 685 2781 annonas
714 2716 1050 2781 distribuendas
1079 2717 1308 2800 accipiunt

443 2805 513 2869 vel
543 2805 753 2869 fraudare
784 2809 1048 2888 presumunt.

293 2926 393 2990 Hocl
427 2929 558 2991 iustum
592 2929 771 3011 elegimus,
806 2932 847 2991 ut
876 2949 937 3012 per
967 2928 1119 3012 singulas
1150 2929 1307 2992 civitates

187 3014 242 3077 vel
265 3015 409 3078 castella
432 3016 637 3099 quicumque
665 3020 824 3099 erogator
847 3038 982 3081 annone
1010 3019 1117 3081 fuerit
1145 3017 1308 3081 constitu-

187 3105 257 3178 tus,
290 3123 403 3167 comes
433 3104 584 3168 civitatis
614 3104 669 3168 vel
700 3125 835 3169 annone
865 3106 1090 3190 dispensator,
1125 3126 1306 3181 annonam,

187 3211 289 3272 quam
306 3192 354 3254 eis
371 3195 424 3255 est
440 3192 594 3270 daturus,
615 3213 656 3257 ex
672 3193 807 3276 integro
824 3194 861 3256 in
877 3187 1073 3258 civitatemb
1093 3195 1148 3258 vel
1165 3194 1308 3258 castello

187 3279 306 3344 iubeat
325 3279 454 3344 exiberi
477 3283 513 3344 et
537 3282 581 3345 ad
604 3282 778 3364 integrum
795 3282 844 3347 eis
860 3283 1041 3347 restituere
1057 3304 1128 3347 non
1144 3285 1307 3347 moretur.

188 3365 288 3445 Quod
312 3369 341 3431 si
364 3369 559 3452 contigerit,
589 3374 629 3434 ut
658 3371 731 3455 ipse
760 3391 873 3436 comes
902 3371 1051 3435 civitatis
1075 3375 1137 3435 aut
1160 3392 1308 3436 annona·

186 3457 257 3520 rius
287 3478 349 3541 per
379 3458 632 3541 neclegentiam
662 3480 773 3536 suam,
810 3481 879 3524 non
909 3460 1039 3525 habens
1070 3464 1131 3524 aut
1161 3460 1309 3525 forsitan

188 3546 316 3623 nolens,
342 3567 496 3611 annonas
519 3569 638 3612 eorum
662 3549 745 3613 dare
768 3548 971 3624 dissimulet,
997 3550 1116 3613 comiti
1139 3549 1307 3614 exercitus

187 3635 241 3698 sui
263 3636 452 3717 querellam
476 3636 686 3722 deponantf,
717 3638 810 3720 quod
840 3658 993 3702 annonas
1023 3659 1142 3702 eorum
1172 3639 1220 3702 eis
1245 3639 1308 3703 dis·

187 3728 386 3806 pensatores
415 3725 553 3790 tradere
583 3726 769 3791 noluerint.
817 3721 887 3789 Elt‘l
913 3729 998 3791 tunc
1026 3726 1086 3792 ille
1114 3727 1308 3812 prepositus

187 3811 296 3876 hostis
325 3814 499 3878 hominem
527 3836 627 3879 suum
656 3816 700 3879 ad
724 3836 785 3880 nos
810 3815 947 3880 mittere
972 3837 1042 3880 non
1064 3819 1226 3892 moretur,
1258 3817 1308 3880 ita

294 4033 515 4084 awannam.
570 4042 591 4086 o)
606 4037 667 4079 dlcta
681 4040 727 4082 121.
782 4041 973 4088 nomnlule.
1028 4041 1181 4090 mdceatltl,
1236 4042 1308 4088 h)ro·

187 4094 252 4137 gatur
266 4090 314 4131 aa.
369 4090 385 4137 l)
399 4091 462 4130 oxlrc
475 4092 521 4133 121.

295 4143 333 4185 Vl.
367 4144 522 4190 aldonem.
564 4145 586 4192 b)
600 4145 694 4186 clvltttc
704 4146 750 4188 Μ.
791 4149 811 4194 c)
826 4147 918 4198 ttaB13
934 4144 1143 4196 deponanuntltt.
1185 4145 1208 4195 d)
1219 4147 1308 4189 EaRl.

190 4321 215 4385 1)
233 4321 275 4384 Cf.
295 4321 388 4388 Data,
409 4319 532 4388 ‘Kdnfgc'
549 4320 613 4388 1¹1¹,
631 4340 659 4390 p.
679 4324 732 4377 210
744 4339 781 4390 sq.
