3000 4934
259 360 320 418 XII
704 360 935 418 PRAEFATIO.

260 549 416 624 uerterat,
438 541 544 625 itaque
566 541 662 608 etiam
677 564 745 625 oap.
763 548 838 606 306.
854 542 1107 626 frapmeutorum
1121 546 1167 609 ad
1181 564 1334 610 canonem
1349 553 1380 610 3.

265 630 402 698 Ooneilii
428 630 573 697 Toletani
589 631 666 695 III.
692 627 739 709 (a.
757 632 838 714 589)
862 631 1014 713 seriptum
1037 653 1111 698 esse.
1152 631 1257 715 Caput
1278 641 1383 700 autern

260 719 344 786 illud
365 740 435 785 oum
457 718 513 784 illo
528 739 648 785 eanoue
663 719 751 785 nullo
766 721 857 784 modo
873 720 1046 802 columem,
1070 721 1143 803 auis
1164 727 1219 803 est,
1243 721 1299 804 qui
1317 744 1384 788 non

260 808 373 890 uideat,
391 807 584 890 praesertim
599 814 675 890 post
696 808 817 889 falsum
828 807 957 891 primae
972 807 1121 874 editionis
1135 810 1382 892 supplementum

261 896 416 963 eieetrum?
454 897 567 978 Immo,
592 902 627 961 ut
644 896 690 961 H.
706 896 863 962 Brunner
885 896 1036 979 exposuit,
1060 904 1155 980 eaput
1176 898 1260 965 illud
1273 899 1383 982 potius

260 984 328 1050 iuri
350 984 556 1051 eoommastioo
579 984 781 1050 Arianorum
803 986 990 1068 respondere
1011 984 1144 1052 uidetur.

368 1072 509 1138 Minime
530 1094 603 1138 oero
626 1072 731 1139 Felici
745 1073 847 1139 Dolon
870 1073 1069 1156 assenserim,
1094 1075 1149 1156 qui
1171 1095 1211 1141 en
1232 1096 1276 1158 eo,
1300 1078 1386 1157 quod

262 1160 422 1244 lepislator
437 1182 502 1244 cop.
522 1167 597 1226 277.
608 1167 736 1244 patrem
750 1183 842 1227 suum
858 1159 967 1228 ‘bonae
982 1163 1170 1246 memoriae',
1195 1186 1261 1229 non
1278 1171 1383 1230 autem

263 1248 379 1315 ‘beatae
393 1249 572 1316 memoriae’
587 1251 636 1315 uel
649 1248 798 1315 similiter
811 1250 991 1333 appellauit,
1008 1251 1186 1334 suspicatum
1200 1259 1254 1334 est,
1267 1252 1383 1319 Reaoa·

261 1340 372 1404 redum
402 1340 439 1404 de
462 1345 559 1422 patre
588 1360 644 1404 suo
673 1337 829 1405 haeretico
859 1337 905 1404 au·
928 1340 1063 1406 aurun
1086 1362 1161 1406 esse.
1208 1340 1321 1406 Potius
1343 1362 1384 1407 ne

263 1425 381 1492 ‘bonae'
411 1427 537 1508 quidem
566 1425 753 1492 ‘menariae’
775 1432 904 1510 patrem
933 1450 955 1493 a
984 1427 1054 1508 lilio
1085 1428 1237 1495 eatluolioo
1265 1429 1383 1495 dietum

262 1536 328 1580 esse
350 1515 547 1581 crediderim.

369 1605 425 1668 Ita
448 1603 554 1669 causis
582 1603 841 1669 aduersariorum
869 1604 1053 1687 reprobatis,
1084 1604 1170 1670 alias
1198 1606 1382 1688 referemus,

262 1691 375 1774 quibus
396 1691 552 1758 sententia
574 1697 685 1757 nostra
701 1692 868 1775 probatur.

370 1780 517 1847 Primum
528 1782 612 1862 qnod
621 1780 734 1846 attinet
745 1782 790 1846 ad
803 1781 960 1847 rationem
975 1780 1131 1862 loquendi,
1147 1781 1239 1847 ualde
1251 1781 1381 1864 distant,

261 1875 298 1934 ut
323 1868 446 1935 monuit
466 1869 513 1934 H.
536 1869 702 1951 Brunuer,
732 1870 916 1953 frapmenta
945 1871 985 1935 ab
1015 1868 1134 1952 lepidus
1162 1890 1272 1953 rapum
1301 1870 1383 1935 Visi-

260 1958 427 2041 potlorum
448 1957 567 2024 saeeuli
586 1959 668 2023 VII.
714 1958 878 2024 Habemus
900 1957 995 2024 etiam
1018 1959 1099 2042 lepos
1121 1959 1161 2023 ab
1184 1959 1253 2042 ipso
1268 1959 1383 2025 Reeoa

262 2048 338 2112 redo
353 2047 385 2128 I,
409 2052 444 2111 ut
464 2045 557 2126 infra
573 2046 865 2131 demonstrabimus,
889 2049 1002 2128 datas,·
1023 2046 1141 2114 scilieet
1155 2048 1196 2113 L.
1206 2047 1272 2114 Vis.
1289 2048 1381 2114 Reae.

263 2135 338 2217 ΙΙΙ,
364 2143 394 2216 5,
411 2140 443 2199 2.
481 2134 570 2217 XII,
594 2141 622 2218 l,
640 2142 681 2218 2,·
712 2141 809 2220 2,12.
863 2136 917 2202 Ε2
946 2135 1060 2219 quimus
1087 2136 1126 2203 in
1155 2137 1230 2220 ΙΙΙ,
1256 2142 1286 2218 5,
1304 2142 1323 2200 2
1354 2141 1385 2202 et

264 2224 353 2306 XII,
374 2230 401 2305 1,
419 2230 438 2288 2
469 2227 601 2290 eandem
627 2225 695 2305 tere
718 2225 893 2291 orationum
922 2225 1077 2292 tumidam
1099 2231 1129 2291 et
1150 2227 1312 2292 uerbosum
1335 2226 1384 2290 de·

255 2311 492 2396 protendimus,
516 2333 612 2396 quom
634 2313 805 2396 inlepidus
827 2313 945 2380 saeculi
968 2316 1049 2396 VII,
1072 2315 1164 2381 ualde
1187 2314 1384 2394 differentem

262 2422 284 2465 a
306 2401 397 2467 alara
419 2409 448 2468 et
469 2401 610 2485 nuptiae
636 2402 890 2484 fraumentorum
916 2402 1069 2468 oratione.
1118 2403 1195 2468 Sola
1218 2403 1268 2467 lea
1292 2403 1382 2484 XII,

263 2495 348 2572 2,12
378 2493 487 2556 eadem
515 2491 583 2572 fere
612 2488 812 2572 simplieitate
840 2496 870 2554 et
899 2488 1049 2555 brendam
1077 2495 1134 2570 est,
1166 2492 1249 2570 quod
1276 2489 1383 2555 indole

261 2578 399 2658 fontium
421 2579 649 2661 Romanorum,
674 2600 712 2644 eu
729 2577 843 2660 quibus
864 2576 984 2659 sarepta
1006 2583 1059 2658 est,
1083 2576 1226 2656 effaetum
1247 2576 1381 2643 uidetur.

262 2667 373 2732 Etiam
396 2668 493 2751 lepem
507 2668 663 2733 novellam
677 2689 699 2733 a
714 2665 840 2731 Tleudi
855 2687 926 2748 repe
941 2686 972 2729 a.
990 2670 1065 2730 540.
1085 2667 1194 2730 datam
1214 2661 1271 2746 (of.
1289 2665 1383 2747 iufra

256 2778 292 2838 p.
304 2760 356 2839 55,
369 2758 419 2840 n.)
432 2755 705 2823 constitutionibus
718 2753 837 2820 saeouli
851 2754 933 2819 VII.
946 2759 1066 2820 tumore
1080 2761 1110 2820 et
1122 2754 1306 2821 verbositate
1317 2777 1384 2821 non

263 2847 369 2911 redere
383 2844 479 2910 etiam
493 2865 533 2910 eu
547 2849 632 2910 teatu
646 2843 796 2909 editionis
810 2844 959 2910 lacunosa
979 2849 1008 2907 et
1025 2842 1114 2908 uitiis
1130 2843 1288 2924 squalenti
1303 2843 1383 2908 satis

262 2940 403 3015 apparet.
449 2933 649 3015 Frapmenta
677 2938 782 2996 autem
811 2933 919 2997 eadem
947 2931 1016 3011 fere
1041 2930 1242 3014 simplieitate
1265 2939 1294 2997 et
1309 2953 1383 3015 per·

262 3020 436 3102 spieuitate,
461 3019 601 3085 orationi
615 3041 686 3086 oere
701 3019 838 3102 elepanti
852 3019 1047 3103 propinqua,
1070 3019 1190 3102 scripta
1212 3026 1295 3102 sunt,
1319 3040 1384 3103 quo

262 3108 481 3190 interpretatio
502 3107 539 3173 in
557 3108 673 3191 Lepem
688 3108 870 3176 Roruanum
884 3108 1014 3176 Alarici
1029 3108 1083 3175 ΙΙ.
1106 3115 1238 3192 recepta,
1262 3108 1384 3175 Eirrim

262 3197 331 3277 fere
354 3218 477 3280 eoaeoa,
501 3197 631 3264 euoellit.

369 3285 496 3352 Deinde
517 3289 603 3369 quod
622 3286 707 3354 iuris
728 3286 871 3355 Rornani
897 3287 1033 3371 repulae,
1065 3308 1145 3370 quae
1171 3309 1238 3353 non
1258 3308 1384 3370 paneae

262 3373 300 3440 in
313 3374 506 3457 frapmeutis
520 3383 700 3460 oaourrunt,
722 3398 788 3442 non
810 3398 849 3442 eu
871 3376 1128 3459 interpretatione
1150 3376 1210 3441 illa
1232 3381 1382 3456 sumptae,

262 3465 319 3529 sed
340 3463 436 3529 libere
459 3471 497 3547 et,
520 3472 556 3530 ut
570 3464 702 3546 uidetur,
727 3485 766 3529 en
782 3465 883 3546 plena
905 3464 971 3528 oioi
986 3463 1127 3528 Romani
1145 3462 1228 3527 iuris
1249 3460 1384 3527 sm'entia

261 3552 420 3632 formatae
442 3560 525 3634 sunt,
549 3553 586 3618 id
606 3553 702 3619 multo
717 3551 821 3633 mopis
835 3550 952 3616 Euriei
966 3571 1062 3633 auam
1077 3549 1252 3616 Reoeamdi
1273 3570 1384 3614 aeuum

263 3641 408 3708 iudicare
430 3640 563 3724 ridetur,
587 3648 623 3707 ut
644 3639 787 3723 inposuit
808 3641 855 3705 H.
879 3639 1045 3705 Bruuuer.

370 3730 543 3796 Praeterea
558 3736 670 3812 autem
687 3731 772 3812 quod
784 3728 851 3794 iam
866 3729 908 3794 E.
925 3728 986 3793 aa.
1004 3727 1121 3810 (laupp
1137 3726 1267 3809 monuit,
1283 3733 1385 3792 status

262 3818 348 3884 iuris
355 3818 480 3903 publioi
497 3824 527 3884 et
534 3818 668 3903 priuati,
693 3839 784 3901 quem
798 3838 837 3883 ea
851 3815 1042 3901 frapmentis
1057 3814 1265 3899 eopnooimus,
1276 3815 1385 3899 potius

262 3908 300 3974 in
322 3908 482 3975 saeoulum
504 3909 542 3974 V.
565 3928 661 3991 quam
682 3907 719 3974 in
742 3908 801 3972 VI.
825 3907 973 3989 quadrat.
1019 3906 1072 3971 De
1093 3903 1249 3971 diuisione
1271 3911 1384 3985 terrae,

263 4018 329 4080 auo
350 3996 448 4077 fundi
456 4017 675 4080 possessorum
689 3996 726 4061 iu
741 3995 852 4060 tertias
867 3995 1086 4061 Romanorum
1108 4001 1138 4059 et
1159 3999 1259 4058 sortes
1278 3992 1385 4058 Gotti-

264 4107 319 4152 oas
334 4084 431 4152 dirisi
448 4092 531 4169 sunt,
555 4085 757 4152 constituitur
774 4106 842 4167 eap.
861 4090 936 4148 277.
955 4091 992 4166 et,
1015 4089 1051 4148 ut
1066 4082 1198 4164 uidetur,
1223 4103 1291 4165 cap.
1309 4086 1384 4146 304.

268 4175 360 4257 Quod
392 4195 463 4240 eum
496 4180 631 4257 tenpore
664 4172 851 4255 Reaoaredi,
891 4171 981 4239 ouius
1018 4192 1151 4256 repnum
1184 4170 1283 4253 eoepit
1309 4169 1386 4251 plus

264 4284 361 4345 auam
372 4269 495 4329 mutum
506 4285 609 4329 annos
617 4269 692 4345 post
702 4260 902 4344 Hispaniam
917 4266 946 4327 et
959 4261 1143 4327 uniuersam
1155 4257 1387 4342 Septimaniam

264 4354 304 4418 ab
327 4351 449 4418 Eurim
475 4351 513 4418 in
539 4350 690 4418 ditionem
715 4350 890 4416 Gothorum
911 4352 1082 4433 redddam,
1107 4349 1176 4430 sere
1196 4353 1259 4413 170
1283 4353 1387 4415 autem
