3000 4934
497 381 575 437 LEX
593 380 709 440 VISIG.
727 380 997 438 REOOESSVIND.

375 560 447 615 Dua
468 558 626 615 INLATIS
645 558 869 615 VIOLENTIIS
887 557 936 614 ET
955 557 1112 615 DAMNIS.

541 691 683 754 LIBER
707 688 953 755 OOTAVUSu

249 818 278 881 Ι.
298 816 452 881 Titulus:
477 816 530 881 Do
554 814 790 880 invasionibus
814 817 849 879 et
874 813 1136 898 direptionibus.

229 906 278 970 II.
298 906 452 970 Titulus:
477 905 530 969 De
553 905 722 969 incendiis
746 907 782 968 et
804 902 1051 968 incensoribus.

209 995 279 1058 III.
299 995 451 1059 Titulus:
477 994 530 1058 De
555 994 691 1058 damnis
715 993 885 1070 arborum,
916 995 1071 1057 ortorum
1102 994 1137 1057 et
1167 991 1309 1073 frugum

476 1101 779 1166 quarumcumque.

187 1173 276 1237 IIII.
297 1172 451 1236 Titulus:
476 1171 529 1236 De
573 1171 714 1235 damnis
753 1169 955 1235 animalium
997 1168 1051 1233 vel
1097 1170 1309 1233 diversarum

475 1280 599 1324 rerum.

237 1351 278 1414 V.
298 1350 452 1414 Titulus:
477 1349 531 1412 De
554 1348 735 1433 pascendis
759 1348 870 1431 porois
894 1351 930 1412 et
953 1347 1161 1411 animalibus
1181 1346 1308 1410 denun-

476 1430 627 1502 tiandisb
656 1435 861 1500 errantibus.

215 1528 276 1591 VI.
297 1527 450 1592 Titulus:
476 1527 529 1591 Do
553 1525 675 1611 apibus
699 1528 876 1590 eteorum
900 1526 1044 1590 damnis.

407 1751 457 1807 DE
476 1749 676 1807 FUGITIVIS
695 1750 745 1805 ET
763 1748 1085 1807 RETUGIENTIBUS.

579 1881 722 1945 LIBER
744 1880 914 1946 NONUS.

248 2007 276 2070 I.
297 2006 449 2071 Titulus:
475 2006 529 2071 De
558 2006 717 2088 fugitivis
749 2010 784 2070 et
814 2003 1085 2069 occultatoribus
1119 2003 1307 2086 fugamque

474 2094 707 2179 proventibus.

227 2183 276 2247 II.
297 2183 451 2247 Titulus:
476 2183 529 2247 De
546 2183 610 2261 his,
636 2183 695 2265 qui
718 2183 762 2246 ad
786 2181 918 2247 bellum
941 2202 1012 2246 non
1027 2182 1160 2245 vadunt
1184 2183 1245 2244 aut
1265 2180 1307 2244 de

475 2271 587 2336 bello⁰
616 2271 808 2355 refugiunt.

207 2360 277 2423 III.
297 2360 450 2424 Titulus:
476 2360 528 2426 Do
553 2361 616 2437 his,
642 2361 700 2443 qui
724 2361 769 2424 ad
792 2359 951 2425 eclesiam
977 2352 1220 2442 confugiuntd.

221 2601 271 2656 DE
289 2601 552 2659 DIVISIONIBUS
571 2602 640 2658 ET⁰
661 2601 856 2658 ANNORUM
875 2600 1123 2658 TEMPORIBUS
1141 2599 1272 2670 ADQUE

640 2690 851 2749 LIMITIBUS.

540 2822 683 2886 LIBER
706 2815 952 2887 DECIMUSf.

249 2947 276 3009 I.
297 2947 450 3012 Titulus:
475 2948 546 3051 De·
569 2947 793 3013 divisionibus
834 2951 870 3012 ot
907 2947 1008 3012 torris
1052 2946 1096 3010 ad
1139 2944 1307 3029 placitum

229 3123 278 3187 II.
298 3123 451 3188 Titulus:
475 3038 868 3207 Bailssuinquagenariiss
901 3128 936 3188 et
965 3115 1192 3188 tricennalish
1225 3126 1308 3186 tem·

476 3212 567 3297 poris
590 3213 795 3277 intentione.

208 3300 277 3363 III.
298 3300 450 3365 Titulus:
476 3301 529 3365 De
552 3301 708 3366 torminis
733 3305 768 3366 et
792 3299 971 3365 limitibus.

248 3526 298 3581 DE
324 3525 489 3582 EGROTIS
514 3526 564 3581 ET
589 3524 764 3581 MORTUIS
789 3523 921 3595 ADQUE
948 3522 1242 3580 TRANSMARINIS

571 3613 920 3672 NEGOTIATORIBUS.

502 3746 645 3810 LIBER
669 3739 983 3811 UNDEOIMUS¹.

248 3870 276 3933 I.
297 3870 450 3935 Titulus:
475 3871 528 3936 De
552 3871 695 3936 modicis
720 3874 755 3936 et
779 3871 917 3954 egrotis.

227 3959 276 4022 II.
297 3959 449 4024 Titulus:
475 3960 528 4025 De
551 3960 792 4043 inquietudine
817 3959 1061 4044 sepulcrorum.

207 4048 277 4112 III.
297 4048 450 4113 Titulus:
477 4049 530 4113 De
553 4049 792 4114 transmarinis
816 4047 1100 4131 nogotiatoribus.

291 4279 313 4325 ι)
327 4277 363 4315 Do
372 4296 398 4306 -
407 4279 501 4316 octavus
516 4275 559 4318 dos.
569 4275 616 4318 ΕΙ,
663 4275 686 4323 b)
701 4271 856 4314 denuntianti:
871 4274 891 4313 Β
902 4276 925 4324 1;
941 4278 965 4314 at
978 4274 1030 4316 add.
1039 4272 1087 4316 122.
1127 4275 1148 4320 o)
1162 4272 1245 4312 bellum
1259 4272 1279 4310 Β
1290 4272 1307 4313 1.

185 4325 209 4376 d)
223 4329 351 4379 confugium
366 4329 454 4369 iaciunt
467 4329 516 4372 Ra.
584 4331 605 4377 a)
619 4329 676 4367 dem
690 4328 739 4370 112.
813 4328 831 4376 f)
845 4328 864 4367 X
879 4327 899 4367 B
909 4329 928 4369 1.
1001 4327 1024 4378 g)
1038 4326 1238 4375 quinquagenariis
1253 4325 1273 4363 1r
1283 4324 1307 4374 23

186 4382 370 4432 qulnqunfflmrll
384 4382 404 4422 Β
414 4384 433 4426 1.
488 4382 511 4431 b)
527 4382 659 4422 trloennanl
675 4380 813 4431 temporibus
828 4381 930 4421 tontlono
944 4380 964 4420 R
975 4381 993 4423 1.
1048 4380 1064 4428 Ι)
1078 4380 1109 4419 xl
1123 4379 1144 4418 B
1154 4381 1173 4421 1.
