3000 4934
248 383 283 437 cs
447 377 524 432 nux
543 375 658 432 visre.
676 375 945 432 nsocnssvnn.
982 376 1022 444 n,
1040 381 1067 446 a
1084 380 1164 433 4—6.

248 582 319 626 non
341 563 444 626 aliter
466 581 508 625 ex
530 553 716 624 mandatol
743 559 980 624 subdendumc
1005 559 1178 642 questioni
1202 560 1373 643 permitti-

248 672 334 726 mus,
358 671 462 733 qnam
484 653 526 713 nt
547 649 730 712 mandator
745 648 788 711 de
804 648 925 712 eadem
940 667 1122 731 personam
1144 667 1215 711 non
1235 643 1372 725 servod,

249 740 310 804 sed
332 740 484 822 ingenuo
508 757 568 822 per
590 737 804 807 mandatum,
832 740 914 800 sua⁶
939 735 995 801 vel
1017 737 1125 799 trium
1146 736 1290 800 testium
1314 737 1374 800 ad-

248 829 429 892 notatione
452 827 637 900 firmtum,
668 824 864 908 specialiter
886 826 1071 888 conmittat
1094 825 1277 907 agendum.
1324 825 1375 888 Et

249 917 279 981 si
301 917 448 979 fortasse
470 915 692 978 innocentem
714 913 838 978 fecerit
858 913 1042 977 tormentis
1065 913 1194 996 adfligi,
1223 913 1311 977 sciat
1334 934 1375 978 se

249 1005 385 1069 hisdem
413 1003 597 1067 mandator
625 1021 770 1066 censura
799 1000 886 1085 legis
913 1002 1054 1065 noxium
1080 1001 1233 1066 retineri.
1278 1001 1374 1066 Reli·
1404 1033 1432 1068 a.

250 1085 356 1177 quas‘
375 1095 492 1156 autem
512 1090 707 1155 criminales
723 1083 865 1154 eausass
890 1091 941 1154 ita
963 1109 1024 1174 per
1039 1090 1243 1154 mandatum
1266 1090 1376 1155 liceat

250 1180 524 1254 committendas,
553 1183 603 1255 ut,
627 1179 719 1242 sicut
741 1178 935 1262 predictum
958 1182 1020 1254 est,
1045 1183 1167 1242 eontra
1189 1199 1375 1263 personam

250 1271 464 1354 ingenuamss
500 1269 642 1350 ingenui
676 1269 827 1349 ingenuo
861 1268 1030 1331 adsertori
1059 1268 1249 1350 questionis
1280 1268 1376 1331 actio

251 1359 498 1422 committatur.
544 1356 688 1421 Servum
711 1376 792 1420 vero
815 1375 877 1439 per
898 1356 1102 1420 mandatum
1124 1355 1270 1420 subdere
1294 1376 1377 1438 que

252 1447 357 1511 stioni
379 1450 452 1509 tarn
472 1447 623 1527 ingenuo
639 1464 742 1527 qnam
758 1464 855 1509 servo
869 1445 945 1508 iure
960 1444 1175 1521 conceditur;
1201 1445 1266 1508 hac
1281 1445 1377 1509 vide

252 1535 335 1598 licet
362 1525 631 1598 constitutioneh
659 1537 802 1607 servata,
831 1537 881 1607 nt,
910 1533 940 1596 si
966 1536 1141 1598 tormenta
1163 1532 1219 1597 vel
1246 1534 1378 1598 damna

252 1620 494 1686 innocentibus
517 1621 651 1684 fuerint
672 1622 840 1703 inrogata,
872 1622 917 1684 ad
939 1642 1077 1686 omnem
1100 1621 1378 1686 satisfactionem

253 1711 436 1774 mandator
450 1709 574 1772 iudicis
590 1709 807 1792 conpellatur
829 1709 1007 1773 instantia.
1053 1710 1088 1773 N
1089 1729 1127 1773 ec
1144 1711 1377 1775 dimittendus

254 1801 446 1863 esttamen
469 1791 557 1873 hisi,
587 1798 646 1879 qui
669 1798 873 1861 mandatum
896 1799 1039 1881 accepit,
1064 1800 1173 1862 donec
1196 1801 1259 1862 aut
1280 1819 1378 1862 man·

254 1888 354 1951 dator
377 1887 423 1950 sit
446 1906 561 1950 coram
582 1886 697 1950 iudice
721 1890 866 1969 prestus,
891 1889 952 1949 aut
975 1887 1248 1951 satisfactionem
1269 1888 1377 1950 adim·

253 1975 349 2059 pleat
371 1975 504 2059 legnm;
536 1978 571 2040 et
594 1978 712 2039 tamen
734 1975 794 2058 qui
817 1975 1030 2058 questionem
1054 1995 1096 2040 ex
1118 1976 1283 2039 mandato
1306 1978 1378 2058 agi·

253 2068 391 2128 taturus
421 2068 474 2128 est
506 2067 587 2128 ante
617 2083 663 2139 se,
694 2057 817 2128 velut*
843 2063 972 2148 proprii
1001 2065 1086 2128 iuris
1113 2064 1281 2141 dominus,
1313 2085 1379 2148 per

254 2153 375 2237 placiti
397 2152 575 2217 vinculum
598 2173 619 2216 a
641 2153 755 2217 iudice
778 2152 914 2218 noverit
936 2151 1172 2234 obligandum.

675 2287 712 2343 v.
742 2285 950 2356 lanionia.

256 2381 324 2458 Ut,
350 2382 385 2445 si
409 2380 671 2445 dilationem
693 2383 736 2443 in
762 2375 916 2445 causab
944 2383 1147 2464 patiatur
1169 2383 1240 2465 qui
1264 2403 1378 2447 man·

289 2471 436 2533 datum
459 2470 588 2546 iacit,
613 2468 752 2533 liceat
775 2470 814 2532 ei
837 2470 1056 2534 inmutare
1079 2472 1341 2535 mandatum.

363 2574 431 2655 Qui
461 2580 619 2639 causam⁰
654 2574 799 2639 alicuius
829 2594 872 2639 ex
900 2578 1065 2641 mandato
1095 2578 1298 2661 susceperit,
1335 2583 1379 2643 ut

254 2664 434 2747 negotium
456 2667 651 2747 peragatur,
677 2664 832 2741 insistat3
864 2666 956 2747 quod
979 2666 1008 2730 si
1031 2667 1204 2749 protrahit
1226 2669 1377 2750 tempus,

256 2756 291 2817 et
315 2746 452 2829 camah,
484 2772 549 2834 que
572 2752 731 2816 forsitam
753 2753 897 2817 celerius
920 2756 1081 2837 potuerat
1104 2755 1267 2838 expediri,
1298 2755 1378 2820 hoc·

256 2840 451 2905 oasionibus
474 2840 655 2924 superfluis
678 2844 739 2905 aut
762 2842 988 2907 fraudulenta
1011 2843 1178 2907 dilatione
1201 2845 1379 2927 suspendi·

254 2932 323 3005 tur,
354 2930 537 2993 mandator
558 2933 714 2994 recurrat
737 2931 781 2994 ad
804 2931 963 2995 indicem.
1011 2931 1057 2994 llt
1084 2933 1144 3015 qui
1172 2933 1379 2996 mandatum

256 3021 450 3103 acceperat,
488 3019 538 3082 si⁸
571 3018 704 3082 malitie
739 3019 884 3084 alicuius
915 3022 976 3083 aut
1006 3020 1208 3104 cupiditatis
1238 3020 1293 3085 vel
1322 3041 1378 3086 ne-

256 3106 431 3191 glegentie
453 3107 548 3184 vitio,
578 3108 771 3172 adversario
802 3111 960 3192 presente
986 3108 1063 3172 vel⁰
1091 3110 1215 3187 iudice,
1244 3128 1379 3194 suscep·

256 3200 332 3259 tum
347 3197 527 3280 negotium
542 3195 637 3260 ultra
652 3196 771 3262 decem
783 3198 856 3262 dies
872 3197 1001 3281 absque
1016 3191 1239 3283 preceptumf
1254 3198 1380 3262 iudicis

257 3284 465 3363 dilataverit,
496 3285 560 3363 his,
591 3287 650 3369 qui
679 3287 913 3364 mandaverat,
945 3289 1006 3350 aut
1033 3307 1094 3370 per
1118 3308 1153 3352 se
1177 3305 1379 3370 proponere,

257 3376 319 3437 aut
343 3374 448 3438 alicui
471 3373 641 3458 helegerit
664 3394 762 3439 suam
785 3375 889 3439 liceat
913 3376 1127 3440 committere
1150 3376 1333 3439 actionem.

671 3508 721 3564 VI.
752 3508 962 3578 auriquaa.

257 3602 317 3667 Ne
352 3622 523 3666 oausam
557 3603 775 3685 suscipiat
809 3603 975 3666 femina
1008 3622 1082 3685 per
1116 3602 1380 3684 mandatum,

417 3689 545 3753 licite
568 3709 669 3753 vero
692 3682 935 3774 propriamb
964 3693 1216 3773 exequatur.

365 3794 529 3860 Femina¹
552 3797 839 3879 permundatum
863 3816 1002 3860 causam
1023 3817 1094 3861 non
1118 3797 1292 3880 suscipiat,
1318 3800 1381 3864 sed

365 3932 388 3981 b)
402 3929 531 3971 mandatum
546 3932 592 3974 121.
646 3935 666 3981 c)
681 3934 713 3971 lta
727 3933 781 3984 nm
796 3931 916 3973 subdenda
929 3935 977 3975 1³1.
1031 3932 1055 3982 d)
1068 3945 1159 3974 servum
1173 3935 1220 3977 121.
1275 3936 1296 3982 e)
1310 3934 1383 3976 liceat

254 3996 298 4034 pro
312 3995 353 4024 sua
367 3985 404 4025 vel
419 3985 470 4034 B13
489 3995 530 4024 sua
544 3996 611 4024 manu
625 3986 662 4025 vel
676 3986 722 4028 El.
776 3988 795 4035 s)
808 3987 916 4036 Reliquas
930 4008 956 4016 -
971 3998 1049 4028 caum
1063 3989 1106 4031 dos.
1121 3989 1167 4031 121.
1221 3990 1244 4037 g)
1258 3987 1382 4036 ingenuam

259 4038 351 4087 ingenui
365 4039 416 4086 1213
432 4038 552 4086 ingenuam
565 4039 621 4077 decet
631 4039 651 4077 B
660 4039 679 4081 2.
688 4039 711 4077 Ε
716 4041 734 4081 1.
744 4041 769 4091 23
783 4040 876 4090 ingenui
890 4041 946 4079 deest
958 4040 996 4079 Vt
1010 4045 1029 4080 ot
1043 4043 1075 4083 ed.
1085 4042 1149 4084 Lind.
1191 4042 1214 4088 h)
1228 4041 1316 4081 ratione
1331 4042 1352 4080 B
1361 4042 1382 4086 2.

259 4092 275 4139 1)
289 4092 321 4130 tta
337 4091 384 4133 1³2.
399 4091 451 4139 Ε1;
468 4091 487 4130 si
502 4092 549 4132 131.
604 4091 627 4140 k)
641 4092 678 4131 vel
692 4093 739 4134 121.

366 4145 392 4186 V.
428 4144 582 4190 a)deert1t2.
636 4145 659 4193 b)
673 4156 763 4185 cauum
778 4146 824 4189 Rl.
879 4149 899 4196 c)
913 4157 982 4187 musa
994 4148 1042 4191 111.
1096 4145 1120 4195 d)
1134 4148 1190 4186 deest
1204 4148 1251 4190 Rl.
1306 4148 1326 4194 e)
1342 4149 1381 4188 vel

259 4194 335 4237 iudice
348 4198 391 4239 dea.
405 4198 452 4239 131.
506 4197 524 4244 1)
538 4203 645 4247 precepto
660 4199 710 4240 122.

367 4251 405 4292 Vl.
446 4250 601 4298 a)deoetR2.
654 4252 1018 4303 b)=·ta112.E1;pr0prieR1.

261 4357 287 4426 1)
306 4357 347 4421 es.
366 4357 398 4413 a.
417 4357 493 4410 rom.
512 4357 566 4410 Va.
580 4358 608 4409 c
625 4358 674 4414 rs.
693 4358 732 4426 11,
754 4362 796 4426 12,
816 4361 848 4421 5,-
867 4361 918 4426 JX,
939 4363 964 4427 1,
984 4363 1018 4422 2‚·
1036 4361 1116 4413 Paul.
1135 4361 1159 4428 1,
1179 4362 1205 4426 2,
1225 4362 1251 4414 a
