3000 4934
235 349 288 404 154
421 347 500 403 LEX
518 346 633 405 VISIG.
651 346 921 405 Raconssvnsn.
957 345 994 415 V,
1013 349 1038 415 4,
1052 348 1167 403 11-13.

234 532 331 595 retur
354 533 390 595 et
414 530 613 595 decalvatus
636 531 785 615 turpiter
808 531 881 595 eius
905 530 1103 613 perenniter
1132 530 1273 595 servitio
1303 532 1360 595 ad·

236 611 405 696 dicaturf3
438 620 549 702 adque
579 619 685 684 etiam
715 620 758 684 de
787 619 991 684 mulieribus
1020 619 1180 703 ingenuis
1209 620 1360 685 venditis

234 706 291 771 vel
315 707 452 771 donatis
475 708 579 771 huius
603 708 732 772 ordinis
755 707 868 772 forma
891 711 1057 773 servetur.

639 877 710 935 ΧΠ.
739 876 955 948 arnonas.

237 989 330 1053 Non
353 982 516 1055 licereb
536 989 798 1072 parentibus
818 989 945 1054 filios
969 1010 1067 1054 suos
1091 1010 1361 1073 quocumque

320 1080 554 1142 contractu
584 1077 773 1144 alterius
805 1079 996 1143 dominio
1027 1079 1275 1163 subiugare.

182 1262 189 1276 ι
345 1183 551 1249 Parentibus
581 1183 671 1249 filios
701 1205 780 1248 suos
803 1185 951 1251 vendere
980 1205 1052 1249 non
1081 1184 1186 1250 liceat
1216 1187 1277 1249 aut
1305 1186 1361 1249 do-

238 1292 321 1337 nare
348 1272 404 1338 vel
431 1273 694 1357 obpignorare⁰.
740 1272 815 1338 Nec
845 1293 888 1338 ex
916 1273 987 1337 illis
1017 1272 1149 1356 aliquid
1178 1268 1272 1336 iurid
1299 1294 1361 1338 suo

239 1360 406 1426 defendat
432 1360 502 1440 ille,
534 1362 594 1445 qui
616 1362 804 1446 acceperit3
836 1362 896 1426 sed
923 1362 1033 1445 magis
1060 1362 1212 1446 pretium
1234 1362 1290 1427 vel
1313 1382 1361 1427 se·

239 1449 419 1533 positionis
449 1450 676 1528 commodum,
707 1450 800 1533 quod
831 1451 983 1529 dederat,
1015 1452 1139 1534 perdat
1169 1451 1229 1534 qui
1257 1472 1278 1515 a
1304 1472 1361 1534 pa-

238 1538 394 1603 rentibus
418 1537 529 1602 filium
553 1539 764 1622 conparavit.

437 1707 521 1765 xm.
552 1707 721 1764 FLAVIUS
740 1707 1055 1766 OHINDASVINDUS
1072 1708 1161 1767 REX.

459 1820 520 1885 De
543 1840 765 1886 servorum
787 1822 977 1887 vinditis
1000 1822 1141 1888 rebus.

345 1927 414 1992 Res
440 1927 525 1992 iuris
547 1927 653 1993 alieni
676 1928 750 1994 sine
773 1928 906 1993 domini
926 1928 1118 1995 volumtate
1149 1928 1192 1993 ab
1221 1948 1271 2005 eo,
1302 1929 1363 2011 qui

237 2037 309 2081 non
331 2016 439 2082 habet
462 2017 678 2083 distrahendi
701 2037 883 2100 personam
893 2017 914 2094 1,
939 2017 1084 2082 alienari
1105 2037 1176 2081 non
1199 2017 1362 2100 patimur.

239 2105 401 2194 Ideoque,
427 2126 506 2170 cum
520 2105 741 2191 promulgata
757 2106 889 2172 sanctio
907 2106 992 2169 iuris
1016 2105 1173 2189 antiqui²
1194 2125 1265 2169 non
1288 2105 1363 2170 sine

240 2194 456 2258 dominorum
469 2194 650 2278 dispendio
666 2215 841 2260 servorum
852 2194 1069 2260 venditiones
1084 2194 1122 2257 in
1137 2193 1275 2258 irritum
1290 2214 1364 2277 pre-

240 2283 371 2365 ceperit
400 2283 572 2360 devocari‚
604 2283 880 2367 providentioria
907 2283 1046 2348 decreto
1077 2282 1301 2360 consulimus,
1334 2282 1364 2346 si

239 2371 333 2454 leges
362 2371 493 2454 patrias
523 2371 568 2435 ad
598 2372 761 2454 equitatis
790 2371 947 2456 regulam
977 2372 1189 2456 redigamns3
1221 2364 1358 2454 sitqueb

239 2458 362 2524 melius
385 2463 523 2523 earum⁰
552 2462 685 2523 statuta
709 2460 889 2545 corrigere,
919 2481 1024 2544 quam
1054 2481 1132 2525 cum
1160 2460 1209 2525 eis
1232 2460 1364 2544 pariter

238 2547 409 2612 oberrare.
454 2545 682 2632 Quapropter,
708 2548 737 2612 si
760 2549 836 2631 quis
859 2568 995 2614 servum
1017 2548 1074 2613 vel
1097 2548 1260 2613 ancillam
1284 2547 1363 2613 alie·

237 2656 319 2699 nam
346 2636 466 2714 sciens,
496 2636 539 2700 ab
564 2637 613 2701 eis
636 2637 798 2721 deinceps
822 2637 972 2716 domum,
1004 2657 1126 2721 agrum
1148 2636 1204 2702 vel
1226 2638 1363 2701 vineam

239 2745 300 2789 seu
321 2725 532 2809 mancipium
556 2724 619 2791 sub
643 2745 858 2809 quacumque
881 2719 1141 2791 definitionem‘1
1159 2726 1361 2810 perceperit,

240 2815 380 2878 donatio
405 2813 574 2898 siquidem
596 2814 652 2879 vel
675 2815 838 2898 sepositio
868 2816 911 2880 de
941 2814 1072 2879 talibus
1102 2814 1256 2898 personis
1287 2834 1363 2878 con-

238 2906 353 2968 tracta
382 2922 453 2966 non
481 2903 606 2980 valeat,
637 2903 688 2966 ita
716 2906 778 2967 ut⁰
804 2923 870 2969 nec
900 2904 1022 2967 datum
1052 2903 1270 2967 commodum
1299 2922 1363 2986 pro

239 2992 447 3076 sepositione
477 2992 659 3069 reddatur;
690 2992 845 3058 venditio
868 3012 948 3057 vero
973 3013 1052 3057 cum
1076 2991 1256 3074 dispendio
1286 3011 1363 3055 con-

238 3081 393 3165 parantis
427 3080 569 3166 inrupta
603 3081 651 3146 sic
684 3081 729 3146 ad
758 3081 848 3146 servi
874 3080 931 3146 vel
961 3080 1088 3146 ancille
1119 3080 1297 3144 dominum
1325 3079 1363 3142 in

238 3170 415 3255 integrum
442 3172 631 3248 revocetur,
662 3173 703 3234 ut
731 3173 842 3235 emtor
869 3169 1019 3254 pretium
1044 3189 1085 3234 ex
1108 3167 1267 3234 omnibus
1290 3187 1362 3251 per·

129 3317 132 3321 .
239 3258 310 3323 dat.
357 3258 455 3325 Iuste
478 3251 591 3325 enimf
611 3259 703 3342 quod
725 3279 787 3343 per
810 3258 1034 3324 ambitionem
1059 3258 1203 3322 dederat
1224 3257 1364 3321 videtur

240 3349 409 3427 amittere,
441 3349 501 3431 qni
523 3368 585 3412 suo
613 3347 765 3412 dominio
787 3367 861 3412 rem
885 3367 1006 3412 census
1030 3346 1135 3412 alieni
1158 3346 1284 3410 nititur
1307 3345 1363 3409 ad-

240 3436 380 3520 plicare.
426 3437 586 3501 Predicte
607 3455 689 3500 vero
716 3435 856 3502 serviles
878 3455 1023 3520 persone
1047 3436 1077 3499 si
1099 3433 1263 3498 animalia
1285 3453 1363 3517 que·

239 3525 327 3590 libet
357 3525 461 3589 bruta
486 3524 716 3602 vendiderint,
748 3544 810 3589 seu
838 3543 893 3588 res
923 3543 1154 3608 quascumque
1181 3522 1238 3588 vel
1268 3541 1363 3586 orna·

241 3616 359 3679 menta
382 3613 614 3689 distraxerint,
643 3632 708 3696 que
735 3615 862 3690 tamen,
894 3615 957 3677 aut
980 3613 1034 3676 sui
1057 3613 1127 3678 sint
1149 3610 1278 3696 peculii
1302 3613 1363 3675 aut

241 3722 262 3764 a
278 3700 425 3765 dominis
442 3701 512 3766 suis
528 3699 584 3765 vel
600 3700 678 3764 aliis
692 3701 897 3784 negotiandi
919 3701 1123 3766 hoccasione
1139 3699 1364 3765 distrahenda

347 3887 499 3938 osbdlcatnr
512 3889 561 3933 Bl.

242 3996 247 4008 .
347 3943 400 3986 XII.
445 3945 468 3991 a)
481 3943 538 3982 deest
552 3944 601 3987 Ba.
675 3943 842 3992 b)llceatB1.
916 3944 1070 3994 antenotata
1085 3943 1135 3987 Ba.
1211 3941 1235 3992 d)
1249 3942 1304 3983 luris
1318 3952 1364 3991 pro

241 3997 286 4038 um
299 3997 412 4093 millii.
451 4051 474 4098 s)
487 4047 630 4099 prudentiori
644 4050 691 4092 Bl.
758 4050 781 4098 b)
795 4050 873 4098 sicque
887 4050 937 4093 Ba.
1004 4051 1024 4099 c)
1040 4060 1117 4090 eorum
1131 4050 1178 4092 121.
1246 4047 1270 4098 d)
1284 4046 1364 4089 defini·

241 4103 367 4147 tionem.
421 4103 573 4152 e)dustBl.
627 4101 805 4152 oetenlmBl.

242 4246 269 4314 1)
280 4246 404 4373 ζέεζεωια
423 4269 456 4288 =
475 4245 603 4311 sancitas,
623 4245 745 4308 licentia,-
762 4246 798 4310 ct.
818 4244 946 4311 Ducanpc
963 4261 984 4298 s.
1003 4263 1026 4300 o.
1085 4243 1114 4313 2)
1135 4245 1164 4299 V.
1185 4243 1248 4299 Ood.
1267 4243 1366 4296 Eurici

240 4333 261 4372 c.
336 4358 342 4372 .
