<?xml version="1.0" encoding="UTF-8"?>
<!DOCTYPE html PUBLIC "-//W3C//DTD XHTML 1.0 Transitional//EN"
    "http://www.w3.org/TR/xhtml1/DTD/xhtml1-transitional.dtd">
<html xmlns="http://www.w3.org/1999/xhtml" xml:lang="en" lang="en">
 <head>
  <title>
</title>
<meta http-equiv="Content-Type" content="text/html;charset=utf-8" />
  <meta name='ocr-system' content='tesseract 3.04.00' />
  <meta name='ocr-capabilities' content='ocr_page ocr_carea ocr_par ocr_line ocrx_word'/>
</head>
<body>
  <div class='ocr_page' id='page_1' title='image "./fontesiurisgerm01unkngoog_0362.png"; bbox 0 0 3000 4934; ppageno 0'>
   <div class='ocr_carea' id='block_1_1' title="bbox 610 351 1275 413">
    <p class='ocr_par' dir='ltr' id='par_1_1' title="bbox 610 351 1275 413">
     <span class='ocr_line' id='line_1_1' title="bbox 610 351 1275 413; baseline 0.012 -8"><span class='ocrx_word' id='word_1_1' title='bbox 610 351 818 411; x_wconf 78' lang='lat' dir='ltr'>APPENDIX.</span> <span class='ocrx_word' id='word_1_2' title='bbox 1223 360 1275 413; x_wconf 86' lang='grc'><strong>319</strong></span> 
     </span>
    </p>
   </div>
   <div class='ocr_carea' id='block_1_2' title="bbox 146 536 1275 713">
    <p class='ocr_par' dir='ltr' id='par_1_2' title="bbox 146 536 1275 713">
     <span class='ocr_line' id='line_1_2' title="bbox 146 536 1275 624; baseline -0.002 -20"><span class='ocrx_word' id='word_1_3' title='bbox 146 538 270 624; x_wconf 78' lang='lat' dir='ltr'><strong>pellet,</strong></span> <span class='ocrx_word' id='word_1_4' title='bbox 301 536 534 621; x_wconf 83' lang='lat' dir='ltr'><strong>pigneraverit</strong></span> <span class='ocrx_word' id='word_1_5' title='bbox 565 540 600 600; x_wconf 91' lang='lat' dir='ltr'><strong>et</strong></span> <span class='ocrx_word' id='word_1_6' title='bbox 629 536 752 600; x_wconf 86' lang='lat' dir='ltr'><strong>tulerit</strong></span> <span class='ocrx_word' id='word_1_7' title='bbox 780 537 810 600; x_wconf 91' lang='lat' dir='ltr'><strong>ei</strong></span> <span class='ocrx_word' id='word_1_8' title='bbox 839 559 948 601; x_wconf 91' lang='lat' dir='ltr'><strong>unum</strong></span> <span class='ocrx_word' id='word_1_9' title='bbox 975 538 1158 616; x_wconf 78' lang='lat' dir='ltr'>caballum,</span> <span class='ocrx_word' id='word_1_10' title='bbox 1188 560 1275 603; x_wconf 93' lang='lat' dir='ltr'><strong>com·</strong></span> 
     </span>
     <span class='ocr_line' id='line_1_3' title="bbox 148 623 1275 713; baseline -0.002 -20"><span class='ocrx_word' id='word_1_11' title='bbox 148 631 260 713; x_wconf 83' lang='lat' dir='ltr'><strong>ponat</strong></span> <span class='ocrx_word' id='word_1_12' title='bbox 283 626 411 690; x_wconf 85' lang='lat' dir='ltr'><strong>solidos</strong></span> <span class='ocrx_word' id='word_1_13' title='bbox 433 629 515 690; x_wconf 87' lang='lat' dir='ltr'><strong>tres.</strong></span> <span class='ocrx_word' id='word_1_14' title='bbox 560 623 661 703; x_wconf 82' lang='lat' dir='ltr'><strong>Quod</strong></span> <span class='ocrx_word' id='word_1_15' title='bbox 685 625 713 688; x_wconf 92' lang='lat' dir='ltr'><strong>si</strong></span> <span class='ocrx_word' id='word_1_16' title='bbox 737 624 861 690; x_wconf 90' lang='lat' dir='ltr'><strong>bobem</strong></span> <span class='ocrx_word' id='word_1_17' title='bbox 885 626 1036 709; x_wconf 86' lang='lat' dir='ltr'><strong>iugalem</strong></span> <span class='ocrx_word' id='word_1_18' title='bbox 1058 627 1190 704; x_wconf 83' lang='lat' dir='ltr'><strong>tulerit,</strong></span> <span class='ocrx_word' id='word_1_19' title='bbox 1216 629 1275 692; x_wconf 91' lang='lat' dir='ltr'><strong>det</strong></span> 
     </span>
    </p>
   </div>
   <div class='ocr_carea' id='block_1_3' title="bbox 148 713 1304 4170">
    <p class='ocr_par' dir='ltr' id='par_1_3' title="bbox 149 713 1304 1063">
     <span class='ocr_line' id='line_1_4' title="bbox 150 713 1304 790; baseline -0.001 -9"><span class='ocrx_word' id='word_1_20' title='bbox 150 715 280 781; x_wconf 89' lang='lat' dir='ltr'><strong>solidos</strong></span> <span class='ocrx_word' id='word_1_21' title='bbox 308 715 395 778; x_wconf 91' lang='lat' dir='ltr'><strong>duos</strong></span> <span class='ocrx_word' id='word_1_22' title='bbox 423 714 467 778; x_wconf 89' lang='lat' dir='ltr'><strong>ad</strong></span> <span class='ocrx_word' id='word_1_23' title='bbox 496 714 671 778; x_wconf 90' lang='lat' dir='ltr'><strong>hominem</strong></span> <span class='ocrx_word' id='word_1_24' title='bbox 698 713 807 790; x_wconf 84' lang='lat' dir='ltr'><strong>illum,</strong></span> <span class='ocrx_word' id='word_1_25' title='bbox 838 715 894 778; x_wconf 92' lang='lat' dir='ltr'><strong>cui</strong></span> <span class='ocrx_word' id='word_1_26' title='bbox 918 715 1091 780; x_wconf 74' lang='lat' dir='ltr'><strong>caballum</strong></span> <span class='ocrx_word' id='word_1_27' title='bbox 1115 716 1187 780; x_wconf 90' lang='lat' dir='ltr'><strong>sibe</strong></span> <span class='ocrx_word' id='word_1_28' title='bbox 1211 716 1304 780; x_wconf 88' lang='lat' dir='ltr'><strong>bus&#39;</strong></span> 
     </span>
     <span class='ocr_line' id='line_1_5' title="bbox 149 802 1274 889; baseline -0.002 -20"><span class='ocrx_word' id='word_1_29' title='bbox 149 805 275 882; x_wconf 80' lang='lat' dir='ltr'><strong>fuerit3</strong></span> <span class='ocrx_word' id='word_1_30' title='bbox 301 806 337 868; x_wconf 89' lang='lat' dir='ltr'><strong>et</strong></span> <span class='ocrx_word' id='word_1_31' title='bbox 352 803 444 885; x_wconf 90' lang='lat' dir='ltr'><strong>quod</strong></span> <span class='ocrx_word' id='word_1_32' title='bbox 460 802 655 886; x_wconf 85' lang='lat' dir='ltr'><strong>pignaverit</strong></span> <span class='ocrx_word' id='word_1_33' title='bbox 670 803 843 866; x_wconf 83' lang='lat' dir='ltr'><strong>restituat.</strong></span> <span class='ocrx_word' id='word_1_34' title='bbox 880 802 916 866; x_wconf 83' lang='lat' dir='ltr'><strong>si</strong></span> <span class='ocrx_word' id='word_1_35' title='bbox 933 806 1049 868; x_wconf 86' lang='lat' dir='ltr'><strong>autem</strong></span> <span class='ocrx_word' id='word_1_36' title='bbox 1065 805 1274 889; x_wconf 79' lang='lat' dir='ltr'><strong>mancipium</strong></span> 
     </span>
     <span class='ocr_line' id='line_1_6' title="bbox 149 890 1274 1063; baseline 0.004 -110"><span class='ocrx_word' id='word_1_37' title='bbox 149 891 466 1063; x_wconf 40' lang='lat' dir='ltr'><strong>pignazrssssitfiffi</strong></span> <span class='ocrx_word' id='word_1_38' title='bbox 492 894 563 1042; x_wconf 60' lang='lat' dir='ltr'><strong>trses</strong></span> <span class='ocrx_word' id='word_1_39' title='bbox 591 890 710 1042; x_wconf 61' lang='lat' dir='ltr'><strong>solidils</strong></span> <span class='ocrx_word' id='word_1_40' title='bbox 738 892 1019 1044; x_wconf 39' lang='lat' dir='ltr'><strong>e1{)m·‡rcs‘oli·tuat1</strong></span> <span class='ocrx_word' id='word_1_41' title='bbox 1036 893 1174 1044; x_wconf 52' lang='lat' dir='ltr'><strong>dominlo</strong></span> <span class='ocrx_word' id='word_1_42' title='bbox 1203 914 1274 997; x_wconf 57' lang='lat' dir='ltr'><strong>suo:</strong></span> 
     </span>
    </p>

    <p class='ocr_par' dir='ltr' id='par_1_4' title="bbox 148 999 1276 1950">
     <span class='ocr_line' id='line_1_7' title="bbox 306 999 1275 1062; baseline 0.003 -20"><span class='ocrx_word' id='word_1_43' title='bbox 306 1026 314 1042; x_wconf 91' lang='lat'><strong>.</strong></span> <span class='ocrx_word' id='word_1_44' title='bbox 468 1026 475 1042; x_wconf 93' lang='lat'><strong>.</strong></span> <span class='ocrx_word' id='word_1_45' title='bbox 540 999 652 1062; x_wconf 85' lang='lat' dir='ltr'><strong>rquis</strong></span> <span class='ocrx_word' id='word_1_46' title='bbox 700 1000 767 1043; x_wconf 91' lang='lat' dir='ltr'><strong>ona</strong></span> <span class='ocrx_word' id='word_1_47' title='bbox 792 1000 841 1043; x_wconf 91' lang='lat' dir='ltr'><strong>er1</strong></span> <span class='ocrx_word' id='word_1_48' title='bbox 887 1001 994 1062; x_wconf 85' lang='lat' dir='ltr'><strong>aiqu1</strong></span> <span class='ocrx_word' id='word_1_49' title='bbox 1047 1002 1115 1045; x_wconf 85' lang='lat' dir='ltr'><strong>aio</strong></span> <span class='ocrx_word' id='word_1_50' title='bbox 1169 1003 1275 1045; x_wconf 90' lang='lat' dir='ltr'><strong>0m1n1</strong></span> 
     </span>
     <span class='ocr_line' id='line_1_8' title="bbox 150 1069 1275 1155; baseline -0.002 -20"><span class='ocrx_word' id='word_1_51' title='bbox 150 1069 328 1155; x_wconf 87' lang='lat' dir='ltr'><strong>peculium</strong></span> <span class='ocrx_word' id='word_1_52' title='bbox 350 1089 460 1144; x_wconf 84' lang='lat' dir='ltr'><strong>suum,</strong></span> <span class='ocrx_word' id='word_1_53' title='bbox 486 1071 547 1132; x_wconf 90' lang='lat' dir='ltr'><strong>aut</strong></span> <span class='ocrx_word' id='word_1_54' title='bbox 571 1089 693 1132; x_wconf 88' lang='lat' dir='ltr'><strong>aurum</strong></span> <span class='ocrx_word' id='word_1_55' title='bbox 717 1069 788 1132; x_wconf 85' lang='lat' dir='ltr'><strong>sive</strong></span> <span class='ocrx_word' id='word_1_56' title='bbox 812 1071 1004 1151; x_wconf 84' lang='lat' dir='ltr'><strong>argeutum,</strong></span> <span class='ocrx_word' id='word_1_57' title='bbox 1029 1090 1086 1134; x_wconf 91' lang='lat' dir='ltr'><strong>aes</strong></span> <span class='ocrx_word' id='word_1_58' title='bbox 1103 1073 1165 1134; x_wconf 89' lang='lat' dir='ltr'><strong>aut</strong></span> <span class='ocrx_word' id='word_1_59' title='bbox 1181 1091 1275 1133; x_wconf 91' lang='lat' dir='ltr'><strong>orna·</strong></span> 
     </span>
     <span class='ocr_line' id='line_1_9' title="bbox 148 1156 1276 1241; baseline 0 -19"><span class='ocrx_word' id='word_1_60' title='bbox 148 1161 318 1234; x_wconf 89' lang='lat' dir='ltr'><strong>mentum,</strong></span> <span class='ocrx_word' id='word_1_61' title='bbox 350 1157 523 1240; x_wconf 90' lang='lat' dir='ltr'><strong>mancipia</strong></span> <span class='ocrx_word' id='word_1_62' title='bbox 546 1160 607 1220; x_wconf 91' lang='lat' dir='ltr'><strong>aut</strong></span> <span class='ocrx_word' id='word_1_63' title='bbox 630 1157 673 1220; x_wconf 88' lang='lat' dir='ltr'><strong>de</strong></span> <span class='ocrx_word' id='word_1_64' title='bbox 697 1156 832 1240; x_wconf 89' lang='lat' dir='ltr'><strong>peculio</strong></span> <span class='ocrx_word' id='word_1_65' title='bbox 857 1157 998 1239; x_wconf 85' lang='lat' dir='ltr'><strong>aliquid,</strong></span> <span class='ocrx_word' id='word_1_66' title='bbox 1030 1180 1100 1222; x_wconf 90' lang='lat' dir='ltr'><strong>non</strong></span> <span class='ocrx_word' id='word_1_67' title='bbox 1122 1159 1276 1241; x_wconf 89' lang='lat' dir='ltr'><strong>requirat</strong></span> 
     </span>
     <span class='ocr_line' id='line_1_10' title="bbox 150 1245 1276 1331; baseline 0 -20"><span class='ocrx_word' id='word_1_68' title='bbox 150 1249 273 1331; x_wconf 83' lang='lat' dir='ltr'><strong>postea</strong></span> <span class='ocrx_word' id='word_1_69' title='bbox 295 1246 387 1328; x_wconf 87' lang='lat' dir='ltr'><strong>quod</strong></span> <span class='ocrx_word' id='word_1_70' title='bbox 411 1246 553 1309; x_wconf 85' lang='lat' dir='ltr'><strong>donavit</strong></span> <span class='ocrx_word' id='word_1_71' title='bbox 580 1266 690 1327; x_wconf 91' lang='lat' dir='ltr'><strong>neque</strong></span> <span class='ocrx_word' id='word_1_72' title='bbox 714 1245 987 1310; x_wconf 84' lang='lat' dir='ltr'><strong>vicissitudinem</strong></span> <span class='ocrx_word' id='word_1_73' title='bbox 1014 1248 1176 1329; x_wconf 85' lang='lat' dir='ltr'><strong>requirat,</strong></span> <span class='ocrx_word' id='word_1_74' title='bbox 1209 1248 1276 1311; x_wconf 90' lang='lat' dir='ltr'><strong>nisi</strong></span> 
     </span>
     <span class='ocr_line' id='line_1_11' title="bbox 149 1333 1275 1419; baseline -0.001 -20"><span class='ocrx_word' id='word_1_75' title='bbox 149 1336 245 1419; x_wconf 88' lang='lat' dir='ltr'><strong>quod</strong></span> <span class='ocrx_word' id='word_1_76' title='bbox 260 1334 320 1399; x_wconf 90' lang='lat' dir='ltr'><strong>ille</strong></span> <span class='ocrx_word' id='word_1_77' title='bbox 336 1355 400 1398; x_wconf 90' lang='lat' dir='ltr'><strong>sua</strong></span> <span class='ocrx_word' id='word_1_78' title='bbox 413 1334 595 1398; x_wconf 87' lang='lat' dir='ltr'><strong>voluntate</strong></span> <span class='ocrx_word' id='word_1_79' title='bbox 611 1333 803 1398; x_wconf 76' lang='lat' dir='ltr'><strong>retribuere</strong></span> <span class='ocrx_word' id='word_1_80' title='bbox 814 1333 973 1398; x_wconf 88' lang='lat' dir='ltr'><strong>voluerit.</strong></span> <span class='ocrx_word' id='word_1_81' title='bbox 1002 1335 1142 1399; x_wconf 88' lang='lat' dir='ltr'><strong>Habeat</strong></span> <span class='ocrx_word' id='word_1_82' title='bbox 1157 1340 1275 1400; x_wconf 88' lang='lat' dir='ltr'><strong>tamen</strong></span> 
     </span>
     <span class='ocr_line' id='line_1_12' title="bbox 148 1423 1275 1506; baseline -0.003 -17"><span class='ocrx_word' id='word_1_83' title='bbox 148 1426 258 1489; x_wconf 85' lang='lat' dir='ltr'><strong>testes</strong></span> <span class='ocrx_word' id='word_1_84' title='bbox 282 1424 351 1487; x_wconf 90' lang='lat' dir='ltr'><strong>duo</strong></span> <span class='ocrx_word' id='word_1_85' title='bbox 375 1426 437 1487; x_wconf 89' lang='lat' dir='ltr'><strong>aut</strong></span> <span class='ocrx_word' id='word_1_86' title='bbox 459 1426 530 1487; x_wconf 85' lang='lat' dir='ltr'><strong>tres</strong></span> <span class='ocrx_word' id='word_1_87' title='bbox 554 1423 731 1506; x_wconf 86' lang='lat' dir='ltr'><strong>ingenuos,</strong></span> <span class='ocrx_word' id='word_1_88' title='bbox 756 1424 935 1500; x_wconf 86' lang='lat' dir='ltr'><strong>testantes,</strong></span> <span class='ocrx_word' id='word_1_89' title='bbox 965 1424 1057 1505; x_wconf 92' lang='lat' dir='ltr'><strong>quod</strong></span> <span class='ocrx_word' id='word_1_90' title='bbox 1080 1423 1182 1487; x_wconf 92' lang='lat' dir='ltr'><strong>illum</strong></span> <span class='ocrx_word' id='word_1_91' title='bbox 1205 1445 1275 1487; x_wconf 90' lang='lat' dir='ltr'><strong>non</strong></span> 
     </span>
     <span class='ocr_line' id='line_1_13' title="bbox 149 1511 1274 1596; baseline -0.002 -17"><span class='ocrx_word' id='word_1_92' title='bbox 149 1512 485 1596; x_wconf 81' lang='lat' dir='ltr'><strong>impromutuaverit,</strong></span> <span class='ocrx_word' id='word_1_93' title='bbox 517 1512 578 1576; x_wconf 90' lang='lat' dir='ltr'><strong>sed</strong></span> <span class='ocrx_word' id='word_1_94' title='bbox 606 1511 796 1574; x_wconf 81' lang='lat' dir='ltr'><strong>donaverit.</strong></span> <span class='ocrx_word' id='word_1_95' title='bbox 844 1511 880 1574; x_wconf 81' lang='lat' dir='ltr'><strong>Si</strong></span> <span class='ocrx_word' id='word_1_96' title='bbox 904 1515 1020 1576; x_wconf 86' lang='lat' dir='ltr'><strong>autem</strong></span> <span class='ocrx_word' id='word_1_97' title='bbox 1044 1513 1191 1576; x_wconf 88' lang='lat' dir='ltr'><strong>donator</strong></span> <span class='ocrx_word' id='word_1_98' title='bbox 1214 1512 1274 1577; x_wconf 89' lang='lat' dir='ltr'><strong>ille</strong></span> 
     </span>
     <span class='ocr_line' id='line_1_14' title="bbox 151 1599 1275 1684; baseline 0 -20"><span class='ocrx_word' id='word_1_99' title='bbox 151 1604 309 1665; x_wconf 88' lang='lat' dir='ltr'><strong>mortuus</strong></span> <span class='ocrx_word' id='word_1_100' title='bbox 331 1600 449 1677; x_wconf 84' lang='lat' dir='ltr'><strong>fuerit,</strong></span> <span class='ocrx_word' id='word_1_101' title='bbox 475 1600 618 1664; x_wconf 89' lang='lat' dir='ltr'><strong>heredes</strong></span> <span class='ocrx_word' id='word_1_102' title='bbox 642 1599 737 1664; x_wconf 89' lang='lat' dir='ltr'><strong>illius</strong></span> <span class='ocrx_word' id='word_1_103' title='bbox 760 1621 830 1664; x_wconf 91' lang='lat' dir='ltr'><strong>non</strong></span> <span class='ocrx_word' id='word_1_104' title='bbox 845 1603 1029 1684; x_wconf 70' lang='lat' dir='ltr'><strong>repetanta</strong></span> <span class='ocrx_word' id='word_1_105' title='bbox 1057 1602 1148 1684; x_wconf 94' lang='lat' dir='ltr'><strong>quod</strong></span> <span class='ocrx_word' id='word_1_106' title='bbox 1172 1602 1275 1665; x_wconf 88' lang='lat' dir='ltr'><strong>doua-</strong></span> 
     </span>
     <span class='ocr_line' id='line_1_15' title="bbox 149 1688 1275 1772; baseline 0.001 -19"><span class='ocrx_word' id='word_1_107' title='bbox 149 1693 230 1753; x_wconf 85' lang='lat' dir='ltr'><strong>tum</strong></span> <span class='ocrx_word' id='word_1_108' title='bbox 244 1691 308 1753; x_wconf 89' lang='lat' dir='ltr'><strong>est.</strong></span> <span class='ocrx_word' id='word_1_109' title='bbox 346 1688 393 1752; x_wconf 85' lang='lat' dir='ltr'><strong>Ilt</strong></span> <span class='ocrx_word' id='word_1_110' title='bbox 416 1689 445 1752; x_wconf 89' lang='lat' dir='ltr'><strong>si</strong></span> <span class='ocrx_word' id='word_1_111' title='bbox 468 1710 539 1752; x_wconf 92' lang='lat' dir='ltr'><strong>non</strong></span> <span class='ocrx_word' id='word_1_112' title='bbox 554 1689 716 1752; x_wconf 89' lang='lat' dir='ltr'><strong>habuerit</strong></span> <span class='ocrx_word' id='word_1_113' title='bbox 738 1692 845 1752; x_wconf 90' lang='lat' dir='ltr'><strong>testes</strong></span> <span class='ocrx_word' id='word_1_114' title='bbox 860 1689 1038 1772; x_wconf 85' lang='lat' dir='ltr'><strong>ingenuos,</strong></span> <span class='ocrx_word' id='word_1_115' title='bbox 1064 1690 1123 1772; x_wconf 93' lang='lat' dir='ltr'><strong>qui</strong></span> <span class='ocrx_word' id='word_1_116' title='bbox 1146 1689 1275 1754; x_wconf 85' lang='lat' dir='ltr'><strong>ibidem</strong></span> 
     </span>
     <span class='ocr_line' id='line_1_16' title="bbox 151 1778 1274 1881; baseline -0.001 -38"><span class='ocrx_word' id='word_1_117' title='bbox 151 1781 329 1881; x_wconf 77' lang='lat' dir='ltr'><strong>presentes</strong></span> <span class='ocrx_word' id='word_1_118' title='bbox 358 1778 502 1842; x_wconf 85' lang='lat' dir='ltr'><strong>fuerunt</strong></span> <span class='ocrx_word' id='word_1_119' title='bbox 531 1778 569 1840; x_wconf 92' lang='lat' dir='ltr'><strong>in</strong></span> <span class='ocrx_word' id='word_1_120' title='bbox 598 1778 674 1861; x_wconf 85' lang='lat' dir='ltr'><strong>ipsa</strong></span> <span class='ocrx_word' id='word_1_121' title='bbox 701 1778 898 1855; x_wconf 70' lang='lat' dir='ltr'><strong>donatione,</strong></span> <span class='ocrx_word' id='word_1_122' title='bbox 929 1779 1093 1842; x_wconf 88' lang='lat' dir='ltr'><strong>restituat</strong></span> <span class='ocrx_word' id='word_1_123' title='bbox 1123 1779 1154 1842; x_wconf 89' lang='lat' dir='ltr'><strong>ei</strong></span> <span class='ocrx_word' id='word_1_124' title='bbox 1182 1780 1274 1861; x_wconf 91' lang='lat' dir='ltr'><strong>quod</strong></span> 
     </span>
     <span class='ocr_line' id='line_1_17' title="bbox 149 1866 482 1950; baseline -0.012 -19"><span class='ocrx_word' id='word_1_125' title='bbox 149 1866 212 1931; x_wconf 85' lang='lat' dir='ltr'><strong>1lle</strong></span> <span class='ocrx_word' id='word_1_126' title='bbox 236 1867 482 1950; x_wconf 82' lang='lat' dir='ltr'><strong>promutuavit.</strong></span> 
     </span>
    </p>

    <p class='ocr_par' dir='ltr' id='par_1_5' title="bbox 148 1950 1277 2742">
     <span class='ocr_line' id='line_1_18' title="bbox 260 1950 1273 2037; baseline 0.003 -19"><span class='ocrx_word' id='word_1_127' title='bbox 260 1950 313 2036; x_wconf 83' lang='lat'><strong>(9).</strong></span> <span class='ocrx_word' id='word_1_128' title='bbox 348 1955 424 2018; x_wconf 85' lang='lat' dir='ltr'><strong>XV.</strong></span> <span class='ocrx_word' id='word_1_129' title='bbox 464 1954 502 2018; x_wconf 85' lang='lat' dir='ltr'><strong>si</strong></span> <span class='ocrx_word' id='word_1_130' title='bbox 524 1955 601 2037; x_wconf 90' lang='lat' dir='ltr'><strong>quis</strong></span> <span class='ocrx_word' id='word_1_131' title='bbox 625 1956 765 2018; x_wconf 91' lang='lat' dir='ltr'><strong>domum</strong></span> <span class='ocrx_word' id='word_1_132' title='bbox 788 1959 849 2017; x_wconf 85' lang='lat' dir='ltr'><strong>aut</strong></span> <span class='ocrx_word' id='word_1_133' title='bbox 864 1954 982 2018; x_wconf 75' lang='lat' dir='ltr'><strong>villam</strong></span> <span class='ocrx_word' id='word_1_134' title='bbox 999 1955 1067 2019; x_wconf 92' lang='lat' dir='ltr'><strong>alio</strong></span> <span class='ocrx_word' id='word_1_135' title='bbox 1084 1956 1273 2034; x_wconf 86' lang='lat' dir='ltr'><strong>donaverit,</strong></span> 
     </span>
     <span class='ocr_line' id='line_1_19' title="bbox 151 2043 1274 2127; baseline 0.002 -20"><span class='ocrx_word' id='word_1_136' title='bbox 151 2043 229 2122; x_wconf 89' lang='lat' dir='ltr'><strong>hoc,</strong></span> <span class='ocrx_word' id='word_1_137' title='bbox 245 2044 338 2126; x_wconf 87' lang='lat' dir='ltr'><strong>quod</strong></span> <span class='ocrx_word' id='word_1_138' title='bbox 354 2043 506 2121; x_wconf 88' lang='lat' dir='ltr'><strong>donavit,</strong></span> <span class='ocrx_word' id='word_1_139' title='bbox 528 2064 589 2127; x_wconf 89' lang='lat' dir='ltr'><strong>per</strong></span> <span class='ocrx_word' id='word_1_140' title='bbox 605 2043 800 2107; x_wconf 83' lang='lat' dir='ltr'><strong>donationis</strong></span> <span class='ocrx_word' id='word_1_141' title='bbox 818 2043 1013 2107; x_wconf 77' lang='lat' dir='ltr'><strong>chartulam</strong></span> <span class='ocrx_word' id='word_1_142' title='bbox 1028 2044 1150 2120; x_wconf 91' lang='lat' dir='ltr'><strong>firmet,</strong></span> <span class='ocrx_word' id='word_1_143' title='bbox 1168 2047 1274 2109; x_wconf 88' lang='lat' dir='ltr'><strong>itaut</strong></span> 
     </span>
     <span class='ocr_line' id='line_1_20' title="bbox 148 2131 1273 2216; baseline 0.003 -21"><span class='ocrx_word' id='word_1_144' title='bbox 148 2131 190 2195; x_wconf 90' lang='lat' dir='ltr'><strong>in</strong></span> <span class='ocrx_word' id='word_1_145' title='bbox 212 2151 254 2196; x_wconf 89' lang='lat' dir='ltr'><strong>ea</strong></span> <span class='ocrx_word' id='word_1_146' title='bbox 281 2132 468 2196; x_wconf 78' lang='lat' dir='ltr'><strong>donatione</strong></span> <span class='ocrx_word' id='word_1_147' title='bbox 495 2132 568 2216; x_wconf 90' lang='lat' dir='ltr'><strong>ipse</strong></span> <span class='ocrx_word' id='word_1_148' title='bbox 597 2133 744 2195; x_wconf 85' lang='lat' dir='ltr'><strong>donator</strong></span> <span class='ocrx_word' id='word_1_149' title='bbox 772 2132 909 2216; x_wconf 91' lang='lat' dir='ltr'><strong>propria</strong></span> <span class='ocrx_word' id='word_1_150' title='bbox 936 2153 1042 2195; x_wconf 90' lang='lat' dir='ltr'><strong>manu</strong></span> <span class='ocrx_word' id='word_1_151' title='bbox 1069 2131 1273 2212; x_wconf 82' lang='lat' dir='ltr'><strong>subscribat,</strong></span> 
     </span>
     <span class='ocr_line' id='line_1_21' title="bbox 152 2220 1276 2304; baseline 0.003 -20"><span class='ocrx_word' id='word_1_152' title='bbox 152 2220 286 2304; x_wconf 85' lang='lat' dir='ltr'><strong>etipsa</strong></span> <span class='ocrx_word' id='word_1_153' title='bbox 309 2221 451 2284; x_wconf 88' lang='lat' dir='ltr'><strong>donatio</strong></span> <span class='ocrx_word' id='word_1_154' title='bbox 475 2242 545 2284; x_wconf 91' lang='lat' dir='ltr'><strong>non</strong></span> <span class='ocrx_word' id='word_1_155' title='bbox 568 2222 681 2283; x_wconf 89' lang='lat' dir='ltr'><strong>minus</strong></span> <span class='ocrx_word' id='word_1_156' title='bbox 704 2220 816 2283; x_wconf 90' lang='lat' dir='ltr'><strong>tribus</strong></span> <span class='ocrx_word' id='word_1_157' title='bbox 840 2220 988 2284; x_wconf 88' lang='lat' dir='ltr'><strong>testibus</strong></span> <span class='ocrx_word' id='word_1_158' title='bbox 1012 2220 1202 2285; x_wconf 89' lang='lat' dir='ltr'><strong>roboretur.</strong></span> <span class='ocrx_word' id='word_1_159' title='bbox 1239 2223 1276 2287; x_wconf 81' lang='lat' dir='ltr'><strong>Si</strong></span> 
     </span>
     <span class='ocr_line' id='line_1_22' title="bbox 150 2308 1276 2394; baseline 0.002 -21"><span class='ocrx_word' id='word_1_160' title='bbox 150 2311 270 2373; x_wconf 83' lang='lat' dir='ltr'><strong>autem</strong></span> <span class='ocrx_word' id='word_1_161' title='bbox 293 2308 368 2393; x_wconf 87' lang='lat' dir='ltr'><strong>ipsa</strong></span> <span class='ocrx_word' id='word_1_162' title='bbox 386 2309 533 2373; x_wconf 89' lang='lat' dir='ltr'><strong>donator</strong></span> <span class='ocrx_word' id='word_1_163' title='bbox 557 2312 592 2373; x_wconf 90' lang='lat' dir='ltr'><strong>et</strong></span> <span class='ocrx_word' id='word_1_164' title='bbox 614 2312 721 2373; x_wconf 87' lang='lat' dir='ltr'><strong>testes</strong></span> <span class='ocrx_word' id='word_1_165' title='bbox 745 2308 880 2373; x_wconf 85' lang='lat' dir='ltr'><strong>litteras</strong></span> <span class='ocrx_word' id='word_1_166' title='bbox 904 2310 1072 2387; x_wconf 82' lang='lat' dir='ltr'><strong>nesciunt,</strong></span> <span class='ocrx_word' id='word_1_167' title='bbox 1097 2313 1276 2394; x_wconf 87' lang='lat' dir='ltr'><strong>unusquis·</strong></span> 
     </span>
     <span class='ocr_line' id='line_1_23' title="bbox 153 2397 1276 2483; baseline 0.004 -23"><span class='ocrx_word' id='word_1_168' title='bbox 153 2417 220 2480; x_wconf 90' lang='lat' dir='ltr'><strong>que</strong></span> <span class='ocrx_word' id='word_1_169' title='bbox 250 2397 388 2480; x_wconf 84' lang='lat' dir='ltr'><strong>signum</strong></span> <span class='ocrx_word' id='word_1_170' title='bbox 417 2398 556 2482; x_wconf 88' lang='lat' dir='ltr'><strong>propria</strong></span> <span class='ocrx_word' id='word_1_171' title='bbox 586 2419 691 2460; x_wconf 87' lang='lat' dir='ltr'><strong>manu</strong></span> <span class='ocrx_word' id='word_1_172' title='bbox 714 2398 832 2474; x_wconf 85' lang='lat' dir='ltr'><strong>faciat,</strong></span> <span class='ocrx_word' id='word_1_173' title='bbox 863 2401 897 2462; x_wconf 87' lang='lat' dir='ltr'><strong>et</strong></span> <span class='ocrx_word' id='word_1_174' title='bbox 926 2398 1067 2463; x_wconf 89' lang='lat' dir='ltr'><strong>donatio</strong></span> <span class='ocrx_word' id='word_1_175' title='bbox 1096 2400 1171 2483; x_wconf 88' lang='lat' dir='ltr'><strong>ipsa</strong></span> <span class='ocrx_word' id='word_1_176' title='bbox 1195 2405 1276 2465; x_wconf 91' lang='lat' dir='ltr'><strong>ante</strong></span> 
     </span>
     <span class='ocr_line' id='line_1_24' title="bbox 153 2485 1277 2565; baseline 0.004 -15"><span class='ocrx_word' id='word_1_177' title='bbox 153 2485 300 2551; x_wconf 88' lang='lat' dir='ltr'><strong>curiales</strong></span> <span class='ocrx_word' id='word_1_178' title='bbox 331 2487 519 2550; x_wconf 85' lang='lat' dir='ltr'><strong>deferatur.</strong></span> <span class='ocrx_word' id='word_1_179' title='bbox 567 2485 667 2565; x_wconf 82' lang='lat' dir='ltr'><strong>Quod</strong></span> <span class='ocrx_word' id='word_1_180' title='bbox 695 2487 724 2550; x_wconf 90' lang='lat' dir='ltr'><strong>si</strong></span> <span class='ocrx_word' id='word_1_181' title='bbox 752 2487 788 2549; x_wconf 93' lang='lat' dir='ltr'><strong>in</strong></span> <span class='ocrx_word' id='word_1_182' title='bbox 814 2486 954 2551; x_wconf 85' lang='lat' dir='ltr'><strong>civitate</strong></span> <span class='ocrx_word' id='word_1_183' title='bbox 985 2489 1106 2552; x_wconf 92' lang='lat' dir='ltr'><strong>eadem</strong></span> <span class='ocrx_word' id='word_1_184' title='bbox 1131 2490 1277 2554; x_wconf 91' lang='lat' dir='ltr'><strong>curiales</strong></span> 
     </span>
     <span class='ocr_line' id='line_1_25' title="bbox 151 2575 1276 2659; baseline 0.004 -21"><span class='ocrx_word' id='word_1_185' title='bbox 151 2595 224 2639; x_wconf 92' lang='lat' dir='ltr'><strong>non</strong></span> <span class='ocrx_word' id='word_1_186' title='bbox 246 2580 390 2659; x_wconf 86' lang='lat' dir='ltr'><strong>possunt</strong></span> <span class='ocrx_word' id='word_1_187' title='bbox 418 2575 576 2652; x_wconf 87' lang='lat' dir='ltr'><strong>inveniri,</strong></span> <span class='ocrx_word' id='word_1_188' title='bbox 606 2576 651 2639; x_wconf 90' lang='lat' dir='ltr'><strong>ad</strong></span> <span class='ocrx_word' id='word_1_189' title='bbox 679 2576 784 2639; x_wconf 89' lang='lat' dir='ltr'><strong>aliam</strong></span> <span class='ocrx_word' id='word_1_190' title='bbox 808 2576 994 2653; x_wconf 84' lang='lat' dir='ltr'><strong>civitatem,</strong></span> <span class='ocrx_word' id='word_1_191' title='bbox 1019 2578 1080 2641; x_wconf 91' lang='lat' dir='ltr'><strong>ubi</strong></span> <span class='ocrx_word' id='word_1_192' title='bbox 1103 2578 1276 2643; x_wconf 87' lang='lat' dir='ltr'><strong>invenian-</strong></span> 
     </span>
     <span class='ocr_line' id='line_1_26' title="bbox 148 2664 433 2742; baseline -0.007 -15"><span class='ocrx_word' id='word_1_193' title='bbox 148 2666 220 2742; x_wconf 84' lang='lat' dir='ltr'><strong>tur,</strong></span> <span class='ocrx_word' id='word_1_194' title='bbox 245 2664 433 2729; x_wconf 84' lang='lat' dir='ltr'><strong>deferatur.</strong></span> 
     </span>
    </p>

    <p class='ocr_par' dir='ltr' id='par_1_6' title="bbox 149 2747 1276 3525">
     <span class='ocr_line' id='line_1_27' title="bbox 260 2747 1276 2876; baseline 0.006 -61"><span class='ocrx_word' id='word_1_195' title='bbox 260 2747 335 2834; x_wconf 88' lang='grc'><strong>(10).</strong></span> <span class='ocrx_word' id='word_1_196' title='bbox 371 2752 468 2815; x_wconf 85' lang='lat' dir='ltr'>XVI.</span> <span class='ocrx_word' id='word_1_197' title='bbox 504 2752 541 2816; x_wconf 81' lang='lat' dir='ltr'><strong>si</strong></span> <span class='ocrx_word' id='word_1_198' title='bbox 562 2752 638 2876; x_wconf 41' lang='lat' dir='ltr'><strong>zuis</strong></span> <span class='ocrx_word' id='word_1_199' title='bbox 658 2754 869 2817; x_wconf 84' lang='lat' dir='ltr'><strong>mutuaverit</strong></span> <span class='ocrx_word' id='word_1_200' title='bbox 889 2754 1074 2817; x_wconf 87' lang='lat' dir='ltr'><strong>tributario</strong></span> <span class='ocrx_word' id='word_1_201' title='bbox 1091 2757 1161 2819; x_wconf 86' lang='lat' dir='ltr'><strong>sive</strong></span> <span class='ocrx_word' id='word_1_202' title='bbox 1178 2777 1276 2821; x_wconf 86' lang='lat' dir='ltr'><strong>servo</strong></span> 
     </span>
     <span class='ocr_line' id='line_1_28' title="bbox 150 2840 1276 2919; baseline 0.004 -15"><span class='ocrx_word' id='word_1_203' title='bbox 150 2840 266 2905; x_wconf 88' lang='lat' dir='ltr'><strong>alieno</strong></span> <span class='ocrx_word' id='word_1_204' title='bbox 289 2841 362 2905; x_wconf 90' lang='lat' dir='ltr'><strong>sine</strong></span> <span class='ocrx_word' id='word_1_205' title='bbox 385 2841 482 2904; x_wconf 89' lang='lat' dir='ltr'><strong>iussu</strong></span> <span class='ocrx_word' id='word_1_206' title='bbox 505 2844 566 2905; x_wconf 86' lang='lat' dir='ltr'><strong>aut</strong></span> <span class='ocrx_word' id='word_1_207' title='bbox 608 2842 818 2906; x_wconf 90' lang='lat' dir='ltr'><strong>conscientia</strong></span> <span class='ocrx_word' id='word_1_208' title='bbox 837 2843 968 2905; x_wconf 90' lang='lat' dir='ltr'><strong>domini</strong></span> <span class='ocrx_word' id='word_1_209' title='bbox 984 2844 1046 2919; x_wconf 94' lang='lat' dir='ltr'><strong>sui,</strong></span> <span class='ocrx_word' id='word_1_210' title='bbox 1071 2845 1160 2907; x_wconf 92' lang='lat' dir='ltr'><strong>nihil</strong></span> <span class='ocrx_word' id='word_1_211' title='bbox 1184 2866 1205 2908; x_wconf 92' lang='lat' dir='ltr'><strong>a</strong></span> <span class='ocrx_word' id='word_1_212' title='bbox 1221 2846 1276 2909; x_wconf 94' lang='lat' dir='ltr'><strong>do·</strong></span> 
     </span>
     <span class='ocr_line' id='line_1_29' title="bbox 151 2929 1276 3013; baseline 0.003 -20"><span class='ocrx_word' id='word_1_213' title='bbox 151 2929 246 2994; x_wconf 89' lang='lat' dir='ltr'><strong>mino</strong></span> <span class='ocrx_word' id='word_1_214' title='bbox 262 2929 353 2996; x_wconf 87' lang='lat' dir='ltr'><strong>serbi</strong></span> <span class='ocrx_word' id='word_1_215' title='bbox 369 2931 495 3013; x_wconf 84' lang='lat' dir='ltr'><strong>exigat,</strong></span> <span class='ocrx_word' id='word_1_216' title='bbox 513 2951 625 3013; x_wconf 90' lang='lat' dir='ltr'><strong>neque</strong></span> <span class='ocrx_word' id='word_1_217' title='bbox 642 2952 662 2993; x_wconf 90' lang='lat' dir='ltr'><strong>a</strong></span> <span class='ocrx_word' id='word_1_218' title='bbox 678 2931 789 3008; x_wconf 90' lang='lat' dir='ltr'><strong>domo,</strong></span> <span class='ocrx_word' id='word_1_219' title='bbox 807 2932 843 2993; x_wconf 93' lang='lat' dir='ltr'><strong>in</strong></span> <span class='ocrx_word' id='word_1_220' title='bbox 860 2951 928 3013; x_wconf 90' lang='lat' dir='ltr'><strong>qua</strong></span> <span class='ocrx_word' id='word_1_221' title='bbox 943 2931 1119 2995; x_wconf 85' lang='lat' dir='ltr'><strong>habitabit</strong></span> <span class='ocrx_word' id='word_1_222' title='bbox 1134 2933 1195 2997; x_wconf 92' lang='lat' dir='ltr'><strong>ille</strong></span> <span class='ocrx_word' id='word_1_223' title='bbox 1212 2954 1276 2998; x_wconf 91' lang='lat' dir='ltr'><strong>ser·</strong></span> 
     </span>
     <span class='ocr_line' id='line_1_30' title="bbox 152 3016 1273 3104; baseline 0.004 -23"><span class='ocrx_word' id='word_1_224' title='bbox 152 3017 227 3097; x_wconf 90' lang='lat' dir='ltr'><strong>bus,</strong></span> <span class='ocrx_word' id='word_1_225' title='bbox 251 3019 318 3082; x_wconf 90' lang='lat' dir='ltr'><strong>nisi</strong></span> <span class='ocrx_word' id='word_1_226' title='bbox 335 3019 495 3084; x_wconf 91' lang='lat' dir='ltr'><strong>derebus</strong></span> <span class='ocrx_word' id='word_1_227' title='bbox 516 3020 613 3096; x_wconf 84' lang='lat' dir='ltr'><strong>servi,</strong></span> <span class='ocrx_word' id='word_1_228' title='bbox 639 3016 698 3102; x_wconf 91' lang='lat' dir='ltr'><strong>qui</strong></span> <span class='ocrx_word' id='word_1_229' title='bbox 714 3023 873 3082; x_wconf 88' lang='lat' dir='ltr'><strong>mutuum</strong></span> <span class='ocrx_word' id='word_1_230' title='bbox 890 3021 1033 3104; x_wconf 85' lang='lat' dir='ltr'><strong>accepit.</strong></span> <span class='ocrx_word' id='word_1_231' title='bbox 1069 3022 1126 3084; x_wconf 87' lang='lat' dir='ltr'><strong>Ita</strong></span> <span class='ocrx_word' id='word_1_232' title='bbox 1145 3025 1273 3100; x_wconf 84' lang='lat' dir='ltr'><strong>tamen,</strong></span> 
     </span>
     <span class='ocr_line' id='line_1_31' title="bbox 150 3107 1270 3193; baseline 0.004 -22"><span class='ocrx_word' id='word_1_233' title='bbox 150 3107 182 3171; x_wconf 90' lang='lat' dir='ltr'><strong>si</strong></span> <span class='ocrx_word' id='word_1_234' title='bbox 194 3107 367 3171; x_wconf 85' lang='lat' dir='ltr'><strong>tributum</strong></span> <span class='ocrx_word' id='word_1_235' title='bbox 379 3128 480 3170; x_wconf 91' lang='lat' dir='ltr'><strong>suum</strong></span> <span class='ocrx_word' id='word_1_236' title='bbox 492 3129 562 3171; x_wconf 91' lang='lat' dir='ltr'><strong>non</strong></span> <span class='ocrx_word' id='word_1_237' title='bbox 574 3109 703 3173; x_wconf 86' lang='lat' dir='ltr'><strong>habeat</strong></span> <span class='ocrx_word' id='word_1_238' title='bbox 720 3109 839 3172; x_wconf 92' lang='lat' dir='ltr'><strong>serbus</strong></span> <span class='ocrx_word' id='word_1_239' title='bbox 854 3108 915 3172; x_wconf 92' lang='lat' dir='ltr'><strong>ille</strong></span> <span class='ocrx_word' id='word_1_240' title='bbox 932 3109 1150 3193; x_wconf 84' lang='lat' dir='ltr'><strong>completum,</strong></span> <span class='ocrx_word' id='word_1_241' title='bbox 1169 3114 1270 3175; x_wconf 77' lang='lat' dir='ltr'><strong>ante⁰</strong></span> 
     </span>
     <span class='ocr_line' id='line_1_32' title="bbox 151 3196 1273 3278; baseline 0.004 -19"><span class='ocrx_word' id='word_1_242' title='bbox 151 3196 331 3260; x_wconf 89' lang='lat' dir='ltr'><strong>dominum</strong></span> <span class='ocrx_word' id='word_1_243' title='bbox 354 3217 453 3260; x_wconf 92' lang='lat' dir='ltr'><strong>suum</strong></span> <span class='ocrx_word' id='word_1_244' title='bbox 472 3197 635 3260; x_wconf 89' lang='lat' dir='ltr'><strong>restituat</strong></span> <span class='ocrx_word' id='word_1_245' title='bbox 658 3197 793 3260; x_wconf 87' lang='lat' dir='ltr'><strong>tributa</strong></span> <span class='ocrx_word' id='word_1_246' title='bbox 816 3198 858 3261; x_wconf 94' lang='lat' dir='ltr'><strong>de</strong></span> <span class='ocrx_word' id='word_1_247' title='bbox 882 3197 1000 3261; x_wconf 92' lang='lat' dir='ltr'><strong>labore</strong></span> <span class='ocrx_word' id='word_1_248' title='bbox 1024 3219 1095 3275; x_wconf 92' lang='lat' dir='ltr'><strong>suo,</strong></span> <span class='ocrx_word' id='word_1_249' title='bbox 1121 3202 1156 3262; x_wconf 90' lang='lat' dir='ltr'><strong>ct</strong></span> <span class='ocrx_word' id='word_1_250' title='bbox 1179 3203 1273 3278; x_wconf 87' lang='lat' dir='ltr'><strong>tunc,</strong></span> 
     </span>
     <span class='ocr_line' id='line_1_33' title="bbox 152 3284 1273 3370; baseline 0.005 -23"><span class='ocrx_word' id='word_1_251' title='bbox 152 3284 181 3347; x_wconf 92' lang='lat' dir='ltr'><strong>si</strong></span> <span class='ocrx_word' id='word_1_252' title='bbox 204 3284 336 3368; x_wconf 88' lang='lat' dir='ltr'><strong>aliquid</strong></span> <span class='ocrx_word' id='word_1_253' title='bbox 359 3287 563 3350; x_wconf 88' lang='lat' dir='ltr'><strong>remanserit</strong></span> <span class='ocrx_word' id='word_1_254' title='bbox 592 3287 634 3349; x_wconf 93' lang='lat' dir='ltr'><strong>de</strong></span> <span class='ocrx_word' id='word_1_255' title='bbox 663 3286 799 3370; x_wconf 93' lang='lat' dir='ltr'><strong>peculio</strong></span> <span class='ocrx_word' id='word_1_256' title='bbox 830 3286 946 3369; x_wconf 84' lang='lat' dir='ltr'><strong>ipsius,</strong></span> <span class='ocrx_word' id='word_1_257' title='bbox 978 3287 1180 3370; x_wconf 89' lang='lat' dir='ltr'><strong>interpellet</strong></span> <span class='ocrx_word' id='word_1_258' title='bbox 1204 3288 1273 3366; x_wconf 94' lang='lat' dir='ltr'><strong>ille,</strong></span> 
     </span>
     <span class='ocr_line' id='line_1_34' title="bbox 149 3372 1275 3458; baseline 0.005 -23"><span class='ocrx_word' id='word_1_259' title='bbox 149 3373 212 3456; x_wconf 86' lang='lat' dir='ltr'><strong>qui</strong></span> <span class='ocrx_word' id='word_1_260' title='bbox 240 3372 296 3436; x_wconf 92' lang='lat' dir='ltr'><strong>illi</strong></span> <span class='ocrx_word' id='word_1_261' title='bbox 325 3373 627 3458; x_wconf 87' lang='lat' dir='ltr'><strong>impromutuavit;</strong></span> <span class='ocrx_word' id='word_1_262' title='bbox 660 3379 695 3439; x_wconf 86' lang='lat' dir='ltr'><strong>et</strong></span> <span class='ocrx_word' id='word_1_263' title='bbox 719 3375 856 3438; x_wconf 89' lang='lat' dir='ltr'><strong>serbum</strong></span> <span class='ocrx_word' id='word_1_264' title='bbox 887 3396 957 3439; x_wconf 91' lang='lat' dir='ltr'><strong>non</strong></span> <span class='ocrx_word' id='word_1_265' title='bbox 980 3378 1113 3458; x_wconf 83' lang='lat' dir='ltr'><strong>tangat,</strong></span> <span class='ocrx_word' id='word_1_266' title='bbox 1146 3378 1205 3440; x_wconf 90' lang='lat' dir='ltr'><strong>sed</strong></span> <span class='ocrx_word' id='word_1_267' title='bbox 1229 3379 1275 3441; x_wconf 90' lang='lat' dir='ltr'><strong>sit</strong></span> 
     </span>
     <span class='ocr_line' id='line_1_35' title="bbox 151 3461 370 3525; baseline -0.005 0"><span class='ocrx_word' id='word_1_268' title='bbox 151 3461 283 3525; x_wconf 90' lang='lat' dir='ltr'><strong>domini</strong></span> <span class='ocrx_word' id='word_1_269' title='bbox 307 3463 370 3525; x_wconf 90' lang='lat' dir='ltr'><strong>sui.</strong></span> 
     </span>
    </p>

    <p class='ocr_par' dir='ltr' id='par_1_7' title="bbox 149 3544 1275 3982">
     <span class='ocr_line' id='line_1_36' title="bbox 259 3544 1275 3638; baseline 0.006 -25"><span class='ocrx_word' id='word_1_270' title='bbox 259 3544 335 3631; x_wconf 87' lang='lat'>(11).</span> <span class='ocrx_word' id='word_1_271' title='bbox 370 3551 487 3614; x_wconf 84' lang='lat' dir='ltr'>XVII.</span> <span class='ocrx_word' id='word_1_272' title='bbox 528 3551 565 3614; x_wconf 81' lang='lat' dir='ltr'><strong>Si</strong></span> <span class='ocrx_word' id='word_1_273' title='bbox 589 3553 665 3634; x_wconf 91' lang='lat' dir='ltr'><strong>quis</strong></span> <span class='ocrx_word' id='word_1_274' title='bbox 688 3551 878 3635; x_wconf 85' lang='lat' dir='ltr'><strong>ingenuum</strong></span> <span class='ocrx_word' id='word_1_275' title='bbox 901 3553 1076 3617; x_wconf 90' lang='lat' dir='ltr'><strong>hominem</strong></span> <span class='ocrx_word' id='word_1_276' title='bbox 1101 3555 1275 3638; x_wconf 86' lang='lat' dir='ltr'><strong>captivum</strong></span> 
     </span>
     <span class='ocr_line' id='line_1_37' title="bbox 150 3638 1274 3724; baseline 0.006 -23"><span class='ocrx_word' id='word_1_277' title='bbox 150 3640 214 3701; x_wconf 89' lang='lat' dir='ltr'><strong>aut</strong></span> <span class='ocrx_word' id='word_1_278' title='bbox 228 3638 264 3701; x_wconf 94' lang='lat' dir='ltr'><strong>in</strong></span> <span class='ocrx_word' id='word_1_279' title='bbox 275 3639 369 3704; x_wconf 88' lang='lat' dir='ltr'><strong>fame</strong></span> <span class='ocrx_word' id='word_1_280' title='bbox 385 3660 585 3723; x_wconf 90' lang='lat' dir='ltr'><strong>oppressum</strong></span> <span class='ocrx_word' id='word_1_281' title='bbox 597 3641 719 3704; x_wconf 91' lang='lat' dir='ltr'><strong>emerit</strong></span> <span class='ocrx_word' id='word_1_282' title='bbox 735 3661 837 3724; x_wconf 90' lang='lat' dir='ltr'><strong>super</strong></span> <span class='ocrx_word' id='word_1_283' title='bbox 850 3642 1000 3723; x_wconf 90' lang='lat' dir='ltr'><strong>quinque</strong></span> <span class='ocrx_word' id='word_1_284' title='bbox 1017 3642 1144 3706; x_wconf 90' lang='lat' dir='ltr'><strong>solidos</strong></span> <span class='ocrx_word' id='word_1_285' title='bbox 1160 3665 1274 3708; x_wconf 90' lang='lat' dir='ltr'><strong>uume-</strong></span> 
     </span>
     <span class='ocr_line' id='line_1_38' title="bbox 149 3728 1275 3814; baseline 0.007 -25"><span class='ocrx_word' id='word_1_286' title='bbox 149 3746 238 3802; x_wconf 88' lang='lat' dir='ltr'><strong>rum,</strong></span> <span class='ocrx_word' id='word_1_287' title='bbox 269 3728 436 3792; x_wconf 88' lang='lat' dir='ltr'><strong>reddatur</strong></span> <span class='ocrx_word' id='word_1_288' title='bbox 459 3728 513 3791; x_wconf 93' lang='lat' dir='ltr'><strong>illi</strong></span> <span class='ocrx_word' id='word_1_289' title='bbox 537 3749 610 3805; x_wconf 88' lang='lat' dir='ltr'><strong>sex;</strong></span> <span class='ocrx_word' id='word_1_290' title='bbox 643 3730 672 3792; x_wconf 90' lang='lat' dir='ltr'><strong>si</strong></span> <span class='ocrx_word' id='word_1_291' title='bbox 696 3730 815 3793; x_wconf 89' lang='lat' dir='ltr'><strong>decem</strong></span> <span class='ocrx_word' id='word_1_292' title='bbox 838 3733 975 3814; x_wconf 88' lang='lat' dir='ltr'><strong>emptus</strong></span> <span class='ocrx_word' id='word_1_293' title='bbox 1002 3730 1120 3807; x_wconf 83' lang='lat' dir='ltr'><strong>fuerit,</strong></span> <span class='ocrx_word' id='word_1_294' title='bbox 1151 3734 1275 3797; x_wconf 91' lang='lat' dir='ltr'><strong>reddat</strong></span> 
     </span>
     <span class='ocr_line' id='line_1_39' title="bbox 152 3814 1275 3901; baseline 0.009 -25"><span class='ocrx_word' id='word_1_295' title='bbox 152 3814 350 3893; x_wconf 90' lang='lat' dir='ltr'><strong>duodecim;</strong></span> <span class='ocrx_word' id='word_1_296' title='bbox 383 3817 476 3898; x_wconf 92' lang='lat' dir='ltr'><strong>quod</strong></span> <span class='ocrx_word' id='word_1_297' title='bbox 503 3816 532 3880; x_wconf 91' lang='lat' dir='ltr'><strong>si</strong></span> <span class='ocrx_word' id='word_1_298' title='bbox 560 3817 676 3901; x_wconf 89' lang='lat' dir='ltr'><strong>plures</strong></span> <span class='ocrx_word' id='word_1_299' title='bbox 707 3838 786 3883; x_wconf 90' lang='lat' dir='ltr'><strong>eum</strong></span> <span class='ocrx_word' id='word_1_300' title='bbox 816 3819 877 3882; x_wconf 92' lang='lat' dir='ltr'><strong>sol.</strong></span> <span class='ocrx_word' id='word_1_301' title='bbox 907 3820 1038 3896; x_wconf 80' lang='lat' dir='ltr'><strong>emerit,</strong></span> <span class='ocrx_word' id='word_1_302' title='bbox 1071 3821 1124 3884; x_wconf 91' lang='lat' dir='ltr'><strong>his</strong></span> <span class='ocrx_word' id='word_1_303' title='bbox 1149 3822 1275 3886; x_wconf 89' lang='lat' dir='ltr'><strong>similia</strong></span> 
     </span>
     <span class='ocr_line' id='line_1_40' title="bbox 151 3903 876 3982; baseline 0.004 -16"><span class='ocrx_word' id='word_1_304' title='bbox 151 3903 372 3982; x_wconf 86' lang='lat' dir='ltr'><strong>restituatur;</strong></span> <span class='ocrx_word' id='word_1_305' title='bbox 397 3909 433 3968; x_wconf 85' lang='lat' dir='ltr'><strong>et</strong></span> <span class='ocrx_word' id='word_1_306' title='bbox 456 3906 576 3969; x_wconf 89' lang='lat' dir='ltr'><strong>redeat</strong></span> <span class='ocrx_word' id='word_1_307' title='bbox 599 3907 643 3969; x_wconf 92' lang='lat' dir='ltr'><strong>ad</strong></span> <span class='ocrx_word' id='word_1_308' title='bbox 667 3907 876 3971; x_wconf 86' lang='lat' dir='ltr'><strong>libertatem.</strong></span> 
     </span>
    </p>

    <p class='ocr_par' dir='ltr' id='par_1_8' title="bbox 150 3987 1274 4170">
     <span class='ocr_line' id='line_1_41' title="bbox 259 3987 1274 4081; baseline 0.007 -26"><span class='ocrx_word' id='word_1_309' title='bbox 259 3987 335 4074; x_wconf 84' lang='lat'><strong>(12).</strong></span> <span class='ocrx_word' id='word_1_310' title='bbox 370 3993 508 4057; x_wconf 83' lang='lat' dir='ltr'>XVIII.</span> <span class='ocrx_word' id='word_1_311' title='bbox 545 3994 582 4057; x_wconf 84' lang='lat' dir='ltr'><strong>Si</strong></span> <span class='ocrx_word' id='word_1_312' title='bbox 605 3996 681 4077; x_wconf 91' lang='lat' dir='ltr'><strong>quis</strong></span> <span class='ocrx_word' id='word_1_313' title='bbox 704 3997 876 4078; x_wconf 83' lang='lat' dir='ltr'><strong>ingenuus</strong></span> <span class='ocrx_word' id='word_1_314' title='bbox 893 3997 1080 4061; x_wconf 90' lang='lat' dir='ltr'><strong>absconsel</strong></span> <span class='ocrx_word' id='word_1_315' title='bbox 1100 3998 1274 4081; x_wconf 88' lang='lat' dir='ltr'><strong>peculium</strong></span> 
     </span>
     <span class='ocr_line' id='line_1_42' title="bbox 150 4080 1274 4170; baseline 0.007 -27"><span class='ocrx_word' id='word_1_316' title='bbox 150 4080 197 4143; x_wconf 83' lang='lat' dir='ltr'><strong>ad</strong></span> <span class='ocrx_word' id='word_1_317' title='bbox 212 4082 478 4147; x_wconf 87' lang='lat' dir='ltr'><strong>custodiendum</strong></span> <span class='ocrx_word' id='word_1_318' title='bbox 495 4085 676 4167; x_wconf 86' lang='lat' dir='ltr'><strong>acceperit,</strong></span> <span class='ocrx_word' id='word_1_319' title='bbox 694 4087 729 4148; x_wconf 89' lang='lat' dir='ltr'><strong>et</strong></span> <span class='ocrx_word' id='word_1_320' title='bbox 745 4085 810 4148; x_wconf 90' lang='lat' dir='ltr'><strong>hoc</strong></span> <span class='ocrx_word' id='word_1_321' title='bbox 828 4105 863 4148; x_wconf 91' lang='lat' dir='ltr'><strong>se</strong></span> <span class='ocrx_word' id='word_1_322' title='bbox 879 4088 999 4169; x_wconf 87' lang='lat' dir='ltr'><strong>postea</strong></span> <span class='ocrx_word' id='word_1_323' title='bbox 1015 4087 1185 4169; x_wconf 87' lang='lat' dir='ltr'><strong>accepisse</strong></span> <span class='ocrx_word' id='word_1_324' title='bbox 1202 4088 1274 4170; x_wconf 90' lang='lat' dir='ltr'><strong>ipsc</strong></span> 
     </span>
    </p>
   </div>
   <div class='ocr_carea' id='block_1_4' title="bbox 150 4218 695 4389">
    <p class='ocr_par' dir='ltr' id='par_1_9' title="bbox 150 4218 695 4389">
     <span class='ocr_line' id='line_1_43' title="bbox 150 4218 695 4270; baseline 0.007 -13"><span class='ocrx_word' id='word_1_325' title='bbox 150 4219 174 4265; x_wconf 75' lang='grc' dir='ltr'><strong>ι)</strong></span> <span class='ocrx_word' id='word_1_326' title='bbox 187 4221 277 4267; x_wconf 69' lang='lat' dir='ltr'><strong>repeat</strong></span> <span class='ocrx_word' id='word_1_327' title='bbox 290 4229 308 4262; x_wconf 83' lang='lat' dir='ltr'><strong>c.</strong></span> <span class='ocrx_word' id='word_1_328' title='bbox 361 4218 385 4270; x_wconf 87' lang='lat' dir='ltr'><strong>b)</strong></span> <span class='ocrx_word' id='word_1_329' title='bbox 399 4230 428 4258; x_wconf 84' lang='lat' dir='ltr'><strong>au</strong></span> <span class='ocrx_word' id='word_1_330' title='bbox 442 4230 460 4264; x_wconf 80' lang='lat' dir='ltr'><strong>c,</strong></span> <span class='ocrx_word' id='word_1_331' title='bbox 514 4222 535 4269; x_wconf 89' lang='lat' dir='ltr'><strong>c)</strong></span> <span class='ocrx_word' id='word_1_332' title='bbox 548 4221 562 4262; x_wconf 72' lang='lat' dir='ltr'><strong>i.</strong></span> <span class='ocrx_word' id='word_1_333' title='bbox 578 4231 607 4263; x_wconf 67' lang='lat' dir='ltr'><strong>a:</strong></span> <span class='ocrx_word' id='word_1_334' title='bbox 621 4221 695 4265; x_wconf 79' lang='lat' dir='ltr'><strong>antea.</strong></span> 
     </span>
     <span class='ocr_line' id='line_1_44' title="bbox 150 4322 513 4389; baseline 0.006 -10"><span class='ocrx_word' id='word_1_335' title='bbox 150 4323 180 4389; x_wconf 87' lang='lat'><strong>1)</strong></span> <span class='ocrx_word' id='word_1_336' title='bbox 195 4322 231 4377; x_wconf 87' lang='lat' dir='ltr'><strong>Id</strong></span> <span class='ocrx_word' id='word_1_337' title='bbox 247 4331 285 4377; x_wconf 73' lang='lat' dir='ltr'><strong>est</strong></span> <span class='ocrx_word' id='word_1_338' title='bbox 304 4326 370 4379; x_wconf 78' lang='lat' dir='ltr'><strong>‘cim</strong></span> <span class='ocrx_word' id='word_1_339' title='bbox 387 4324 513 4381; x_wconf 61' lang='lat' dir='ltr'><strong>merua.</strong></span> 
     </span>
    </p>
   </div>
   <div class='ocr_carea' id='block_1_5' title="bbox 0 0 1504 4934">
    <p class='ocr_par' dir='ltr' id='par_1_10' title="bbox 0 0 1504 4934">
     <span class='ocr_line' id='line_1_45' title="bbox 0 0 1504 4934; baseline 0 0"><span class='ocrx_word' id='word_1_340' title='bbox 0 0 1504 4934; x_wconf 95' lang='lat' dir='ltr'><strong> </strong></span> 
     </span>
    </p>
   </div>
  </div>
 </body>
</html>
