3000 4934
174 1216 241 1285 DII
281 1214 494 1286 EGROTIS
535 1214 598 1286 III
631 1187 855 1288 MORTUIS
896 1215 1073 1303 ADQUI}
1111 1217 1294 1292 TRANS-

381 1354 594 1427 MARINIS
622 1350 1078 1431 NEGOTIATORIBUS.

347 1579 575 1688 LIBER
617 1577 1114 1690 [inuasurus.

284 1831 312 1893 Ι.
329 1830 543 1895 TITULUS:
576 1830 638 1894 DE
662 1830 861 1895 MEDIOIS
885 1831 942 1895 ET
966 1831 1175 1897 EGRO'I'IS.

266 1954 294 2016 I.
330 1954 383 2018 Ne
408 1955 608 2018 absentibus
632 1954 831 2038 propinquis
851 1955 1031 2018 mulierem
1046 1957 1200 2020 medicus
1216 1956 1293 2020 fleo·

329 2046 486 2106 tornarea
515 2046 699 2126 presumat.

247 2130 295 2192 II.
331 2131 384 2194 Ne
408 2131 562 2194 medicus
586 2131 743 2194 custodia
765 2133 919 2195 retentos
942 2131 1082 2196 visitare
1106 2137 1291 2216 presumat.

227 2217 296 2280 III.
334 2218 369 2280 Si
398 2220 550 2282 medicus
580 2239 641 2302 pro
670 2219 865 2303 egritudine
894 2220 938 2282 ad
966 2220 1134 2303 placitum
1158 2227 1293 2306 expeta-

204 2394 294 2456 IIII.
330 2310 435 2458 {irad
459 2395 625 2479 placitum
650 2399 829 2480 susceptus
853 2397 1020 2461 moriatur
1043 2399 1208 2463 infirmus.

253 2483 292 2546 V.
330 2484 366 2547 Si
391 2486 432 2548 de
456 2484 565 2548 oculis
589 2485 741 2549 medicus
765 2480 984 2570 ipooematab
1011 2488 1126 2551 tollat.

233 2572 293 2635 VI.
331 2573 366 2675 Ι81
395 2595 455 2658 per
483 2573 681 2638 fleotomum
712 2575 882 2658 ingenuus
905 2575 980 2640 vel⁰
1005 2597 1122 2640 servus
1146 2581 1293 2641 mortem

212 2749 293 2812 vn.
329 2667 563 2816 ligmers
587 2751 758 2835 discipuli.

191 2838 293 2901 VIII.
329 2838 383 2902 Ne
407 2840 617 2902 indiscussus
642 2840 795 2903 medicus
819 2839 976 2902 custodia
1001 2841 1197 2923 deputetur.

595 3007 618 3062 1.
650 3007 862 3076 surrouna.

169 3117 250 3181 Ne¹
276 3118 535 3182 absentibus
564 3120 823 3203 propinquis
850 3121 1074 3185 mulierem
1099 3123 1291 3187 medious

453 3206 739 3272 fleotomare²
770 3212 1000 3291 presumat.

275 3314 402 3378 Nullus
418 3314 571 3379 medicus
588 3314 661 3378 sine
677 3315 851 3397 presentia
866 3316 984 3399 patris,
1007 3317 1137 3391 matris,
1161 3316 1289 3395 fratris,

169 3401 232 3464 filii
261 3407 322 3465 aut
349 3403 512 3468 avunculi
539 3403 595 3468 vel
623 3403 868 3486 cuiuscumque
898 3404 1081 3488 propinqui
1112 3405 1292 3470 mulierem

114 3524 140 3562 a,
168 3492 353 3574 ingenuam
377 3486 601 3557 fleotomareb
628 3496 814 3576 presumat.
862 3491 963 3571 Quod
991 3493 1019 3556 si
1048 3493 1112 3557 hee
1142 3513 1290 3577 presum-

169 3582 260 3658 serit,
290 3587 336 3646 Χ0
365 3581 492 3646 solidos
520 3581 722 3666 propinquis
746 3584 807 3644 aut
830 3581 955 3645 marito
980 3584 1118 3645 ooaotus
1142 3582 1288 3661 exolvat,

168 3670 249 3750 quia
277 3670 523 3735 difficillimum
553 3692 622 3734 non
651 3674 717 3746 est,
747 3674 788 3733 ut
815 3669 878 3734 sub
906 3670 971 3734 tali
998 3671 1176 3736 occasione
1204 3671 1290 3735 ludi·

168 3757 281 3820 brium
304 3760 479 3824 interdum
503 3761 689 3824 adcrescat.

274 3931 586 4029 'IplquIXInpffliligwffim
601 3984 649 4026 32.
704 3985 727 4032 b)
741 3986 855 4034 opoeuma
870 3985 918 4027 Μ.
973 3987 994 4034 o)
1008 3985 1057 4026 eivs
1071 3987 1120 4028 Μ.

276 4036 292 4076 Ι,
333 4036 425 4082 (θάσσει
439 4036 487 4077 Rs.
543 4037 771 4083 Mamurrarum.
827 4039 848 4088 o)
862 4036 942 4077 deceni
957 4039 1006 4081 Bt.

170 4177 195 4241 1)
214 4177 256 4227 Ad
275 4177 322 4227 hoc
339 4183 363 4228 a
375 4183 459 4228 cetera
475 4177 557 4229 tutus
569 4178 645 4228 cauli
655 4180 746 4246 capita
763 4179 798 4242 os.
812 4178 905 4244 Dahn,
921 4179 1044 4244 ‘Kouma'
1061 4177 1125 4244 1⁷1²,
1143 4195 1171 4245 p.
1185 4179 1239 4233 278
1250 4194 1289 4246 oq.

167 4250 195 4314 2)
214 4248 397 4299 ‘Fleotomaro'
415 4248 455 4299 vel
474 4249 644 4313 ‘fleotomum'
670 4250 688 4303 i.
711 4264 735 4315 q.
757 4249 940 4314 ‘flebotomare'
959 4248 999 4301 vel
1018 4247 1239 4318 ‘phlebotomum
1265 4254 1291 4301 ot

167 4319 293 4370 similiter
311 4320 390 4384 infra
408 4334 428 4372 c.
443 4320 467 4374 6.
489 4319 642 4384 ‘fleotomuo'
659 4325 683 4372 a
703 4319 853 4384 ‘fleotomia'
871 4319 1044 4385 §nullipendas
1063 4325 1134 4375 sunt.

1023 4424 1074 4482 19*
