3000 4934
374 358 452 416 LEX
470 360 587 418 VISIG.
605 360 874 419 REOOESSVIND.
910 361 950 428 Π,
969 366 994 431 4,
1014 366 1111 418 8-10.
1274 366 1307 417 77

186 564 334 629 cumque
356 544 459 609 rebus
483 549 544 609 ac¹²
572 546 614 608 de
637 545 738 608 terris
762 548 823 608 aut
845 545 954 610 vineis
978 545 1033 609 vel
1057 546 1209 627 edificiis,
1241 564 1307 626 que

185 656 258 699 non
287 634 433 718 grandia
463 652 536 697 esse
567 633 794 709 constiterint,
826 637 966 717 propter
990 635 1081 716 quod
1105 636 1193 700 solet
1216 634 1308 697 inter

186 724 332 788 heredes
355 726 417 787 aut
439 722 570 786 vicinos
595 741 803 805 possessores
827 722 975 786 intentio
1000 724 1133 786 exoriri.
1181 723 1249 789 Sed
1273 725 1308 786 et

187 814 231 877 de
253 811 434 895 mancipiis
458 811 668 875 credendum
691 813 743 874 est
767 809 825 885 eis,
858 831 962 893 quare
993 812 1165 895 contingit
1189 832 1229 876 ea
1251 809 1306 874 vel

187 901 232 965 ab
266 899 343 964 aliis
378 898 538 983 occupari
570 898 626 962 vel
659 899 835 962 indebite⁰
872 899 1013 964 retineri
1048 904 1109 963 aut
1146 902 1308 970 etiams

187 989 404 1054 dominorum
433 987 508 1051 iure
535 987 669 1051 inlicite
693 992 871 1070 evagarel’,
902 992 943 1051 ut
966 1008 1027 1072 per
1050 1009 1169 1053 corum
1192 1009 1308 1053 veram

188 1077 420 1161 cognitionem
439 1076 579 1140 valeant
601 1095 655 1140 res
679 1076 752 1159 ipse
776 1077 924 1139 dominis
946 1077 1055 1153 reddi,
1080 1081 1137 1142 et‘l
1156 1079 1308 1162 ipsorum

187 1165 387 1230 indubitata
416 1164 543 1229 notitia
572 1165 661 1228 iuste
691 1165 799 1248 possit
828 1165 1032 1229 intentionis
1061 1186 1164 1230 causa
1192 1165 1307 1250 sopiri.

188 1254 288 1318 Nonr
315 1257 434 1317 tamen
464 1252 566 1317 aliter
595 1253 665 1316 illis
689 1253 783 1317 credi
805 1254 967 1336 poteris,
999 1255 1065 1317 nisi
1089 1259 1123 1318 et
1147 1256 1189 1318 ab
1214 1253 1308 1318 omni

189 1343 330 1407 crimine
361 1341 466 1406 alieni
497 1341 675 1405 extiterint
702 1344 737 1405 et
760 1342 856 1424 gravi
887 1342 1038 1425 depressi
1068 1347 1308 1426 paupertatem

188 1435 277 1495 non⁸
305 1431 446 1506 fuerint,
471 1430 522 1493 ita
544 1432 729 1493 utcontra
751 1430 979 1512 ingenuorum
1004 1432 1230 1514 dignitatems
1257 1451 1308 1494 eo·

188 1541 264 1583 rum
279 1519 518 1584 testimonium
541 1519 650 1602 accipi
673 1518 874 1582 nullatenus
898 1519 1016 1603 possit,
1040 1521 1117 1596 nisi,
1141 1524 1182 1582 ut
1206 1539 1309 1603 supra

189 1609 320 1673 dictum
344 1611 406 1685 est,
431 1608 550 1672 cedem
573 1607 696 1672 exoriri
720 1606 915 1690 contigerit.

375 1831 474 1888 VIIII.
504 1831 673 1888 FLAVIUS
692 1830 1006 1887 OHINDASVINDUS
1025 1832 1112 1888 REX.

189 1962 247 2027 De
267 1963 344 2039 his,
367 1963 440 2044 qui
460 1982 500 2026 se
521 1962 787 2046 placitorum
808 1963 1073 2045 scripturis⁸
1093 1962 1306 2044 obligant,

233 2044 308 2115 neb
340 2072 415 2135 pro
446 2050 632 2114 aliorum
662 2051 806 2114 causis
836 2051 1071 2114 veritatem
1103 2051 1263 2114 dicant.

296 2175 481 2257 Plerosque
512 2174 732 2257 cognovimus
755 2175 806 2236 ita
828 2193 902 2238 sese
925 2173 1099 2238 interdum
1123 2194 1185 2257 per
1207 2173 1309 2258 placi-

189 2267 264 2328 tum
281 2263 444 2346 obligare,
468 2266 509 2326 ut
532 2283 594 2347 pro
613 2267 710 2325 suasc
732 2257 959 2345 suorumque(1
978 2262 1195 2327 hutilitates⁶
1215 2263 1308 2327 testi·

190 2352 285 2417 ficari
314 2372 384 2415 non
414 2351 594 2429 differant3
626 2351 654 2414 si
683 2352 759 2434 quis
783 2354 899 2416 autem
923 2354 1044 2415 contra
1067 2371 1124 2414 eos
1147 2350 1309 2415 habuerit

188 2441 426 2505 testimonium
443 2440 565 2516 dicere,
590 2440 789 2505 nullatenus
805 2433 1064 2522 adquiescants.
1105 2438 1205 2518 Quod
1228 2440 1309 2521 quia

189 2530 272 2593 satis
296 2532 349 2594 est
372 2529 582 2593 contrarium
605 2529 753 2607 veritati,
784 2530 874 2593 hanc
898 2549 1015 2593 omnes
1039 2529 1170 2593 iudices
1194 2548 1229 2592 se
1253 2548 1308 2591 no·

188 2618 302 2682 verint
324 2617 452 2682 habere
475 2617 661 2696 licentiam,
690 2622 731 2681 ut
753 2618 840 2681 talia
863 2620 1046 2683 conmenta
1068 2617 1240 2681 instanter
1261 2616 1309 2678 in·

189 2707 327 2789 quirent
350 2710 386 2771 et
407 2707 550 2771 inventa
566 2707 791 2791 disrumpant,
816 2707 928 2790 adque
943 2727 1029 2789 quos
1045 2706 1165 2770 eadem
1181 2705 1311 2789 placita

190 2795 452 2873 nominaverint,
478 2796 632 2860 centenis
647 2794 794 2878 flagellis
809 2796 1038 2860 verberandos
1056 2795 1235 2871 insistant;
1260 2794 1311 2856 ita

190 2885 317 2961 tamen,
348 2888 389 2946 ut
418 2884 486 2947 ista
516 2884 699 2969 disciplina
728 2904 797 2947 non
827 2884 970 2948 infamie
993 2887 1112 2947 notam
1136 2883 1184 2948 eis
1208 2882 1310 2966 perti-

191 2976 281 3049 neat,
307 2972 367 3036 sed
389 2972 609 3050 testificandi,
633 2973 725 3055 quod
741 2972 918 3055 cognitum
942 2972 1082 3048 habent,
1108 2972 1153 3035 sit
1176 2971 1247 3034 illis
1270 2991 1311 3034 ex

190 3060 267 3144 lege
291 3080 452 3125 concessa
475 3080 607 3143 semper
631 3064 667 3124 et
690 3060 888 3124 indubitata
911 3059 1065 3124 libertas.

297 3283 333 3339 X.
368 3281 536 3338 FLAVIUS
556 3281 769 3338 GLORIOSUS
788 3279 1098 3337 anocsssvmnos
1117 3278 1205 3334 Rex.

236 3397 296 3461 De
335 3396 493 3480 quibus
532 3396 657 3459 annis
698 3398 937 3479 poterunt³
979 3383 1263 3456 testificareb

651 3504 849 3548 minores.

298 3592 373 3658 Hec
404 3596 477 3658 etas
508 3593 574 3656 erit
604 3591 802 3656 constitutis
829 3591 866 3654 in
894 3588 1083 3654 minoribus
1114 3586 1212 3651 annis
1242 3587 1306 3650 ad⁰

190 3682 427 3746 testimonium
446 3675 697 3758 admittendad,
721 3683 771 3755 ut,
796 3683 977 3764 postquam
1001 3697 1086 3762 puer
1110 3679 1171 3740 aut
1194 3674 1312 3760 puella

191 3780 282 3834 XIIII
304 3771 375 3835 vite
399 3791 458 3835 sue
482 3791 590 3834 annos
613 3768 831 3854 inpleverint,
856 3768 902 3831 sit
923 3767 994 3830 illis
1017 3766 1054 3829 in
1072 3765 1183 3830 causis
1207 3764 1311 3828 omni·

192 3857 256 3919 bus
278 3859 488 3921 testificandi
510 3859 729 3922 indubitatae
757 3857 908 3921 licentia.

299 4081 437 4128 mantili.
484 4079 657 4130 o)debltch.
706 4083 730 4131 p)
744 4082 900 4122 evocarem.
951 4083 975 4130 q)
988 4080 1013 4120 ln
1027 4081 1139 4124 uddlil.
1193 4080 1312 4128 eramen

193 4131 259 4172 aliter
273 4133 318 4173 illis
333 4130 396 4173 credi
410 4134 601 4183 nonpossint.
654 4135 675 4187 s)
688 4146 733 4175 non
748 4156 774 4165 -
788 4132 922 4185 dlgnltstem
936 4135 980 4177 des.
994 4134 1021 4176 R.

300 4187 375 4229 v1111.
408 4187 535 4237 assmpsit
550 4189 598 4231 aa.
645 4189 785 4238 b)neoRl.
833 4190 909 4237 c)sns
923 4187 1054 4230 musam.
1104 4184 1127 4235 d)
1142 4186 1312 4235 quassatur.

193 4238 215 4289 e)
228 4239 328 4280 utilitate
343 4239 459 4281 aruceus
473 4252 519 4281 non
534 4238 626 4282 differat
638 4242 687 4284 122.
740 4242 759 4291 f)
772 4238 906 4291 adquiescat
921 4241 941 4280 B
950 4241 970 4284 2.

299 4295 325 4337 x.
366 4296 388 4341 s)
402 4299 482 4342 potent
495 4294 541 4337 121.
602 4296 625 4344 b)
640 4293 757 4336 testlflcsri
770 4295 820 4338 aa.
881 4297 902 4344 c)
915 4292 944 4334 de
958 4293 1007 4336 132.
1072 4290 1096 4341 d)
1109 4288 1273 4333 admittendam
1288 4294 1313 4329 ut

192 4356 300 4396 posquam
315 4349 361 4390 Rl.
416 4350 437 4397 e)
452 4345 566 4388 indulta
580 4349 627 4392 ΕΙ.
