3000 4934
326 366 404 419 LEX
422 365 537 421 VISIG.
557 364 825 422 REOCIISSVIND.
862 366 945 435 VIII,
966 370 992 435 4,
1012 370 1054 423 23.
1074 371 1117 423 24.
1234 370 1286 424 251

165 550 318 615 tenderit
348 569 408 613 seu
438 548 595 612 ballistas
626 550 662 612 in
692 548 776 613 locis
805 550 946 613 secretis
968 548 1024 614 vel
1048 550 1201 624 desertis,
1226 550 1287 612 ubi

165 640 221 703 via
244 638 342 702 nulla
365 641 427 714 est,
456 658 522 720 que
545 659 616 701 non
640 641 865 702 consueverat
887 639 1109 720 frequentari,
1138 659 1202 702 nec
1226 638 1286 701 ubi

166 729 334 811 pecodum
369 727 477 810 possit
512 747 584 790 esse
620 747 791 803 accessus;
828 727 856 789 si
889 726 1034 790 alicuius
1065 726 1193 789 animal
1226 747 1287 810 per

166 818 255 880 hanc
272 816 511 892 occassionem,
526 836 592 898 que
609 816 652 878 ad
668 816 759 879 feras
776 817 972 898 adparatur,
987 816 1210 898 extinguatur
1226 817 1287 877 aut

166 906 353 980 occidatur,
383 924 496 987 pecus,
526 905 618 987 quod
642 904 754 988 periit,
782 905 943 967 incautus
965 907 1109 967 venator
1133 903 1284 978 exolvat;

166 995 246 1077 quia
270 994 464 1077 quadrupes
488 993 554 1056 sibi
577 985 676 1057 eamh
705 993 827 1056 cabere
853 1013 923 1056 non
947 993 1072 1076 potuit.
1119 992 1286 1056 Homines

165 1103 245 1146 vero
276 1082 448 1166 proximos
471 1081 527 1145 vel
549 1082 679 1145 vicinos
702 1084 846 1145 venator
869 1085 970 1145 ante⁰
999 1084 1219 1156 conmoneat;
1252 1084 1287 1144 et

166 1172 194 1233 si
218 1174 296 1255 post
312 1164 558 1234 monitionemd
578 1171 757 1252 quisquam
780 1170 836 1231 in⁰
858 1170 921 1233 hec
945 1171 1106 1233 incautus
1129 1169 1285 1247 inruerit,

165 1259 254 1323 nihil
278 1280 319 1323 ex
342 1260 408 1322 hoc
432 1258 603 1322 calumnie
625 1258 782 1322 venatori
805 1262 942 1342 oportet
972 1259 1109 1342 opponi,
1141 1258 1221 1341 quia
1251 1279 1287 1322 se

166 1348 225 1411 ille
249 1346 412 1431 periculo,
437 1347 496 1429 qui
520 1340 795 1410 conmonitionef
821 1347 941 1411 audire
963 1346 1124 1422 neclexit,
1148 1347 1285 1410 obiecit.

167 1436 203 1499 Si
227 1436 302 1518 quis
325 1456 404 1499 vero
436 1436 479 1499 de
509 1434 593 1499 locis
624 1435 921 1518 longinquioribus
948 1436 1097 1512 veniens,
1129 1435 1188 1518 qui
1217 1456 1287 1499 non

166 1525 282 1588 fuerat
306 1526 386 1588 ante
411 1525 637 1599 conmonitus,
668 1524 830 1607 ignorans
858 1524 1020 1588 inciderit
1043 1527 1079 1589 et
1102 1524 1209 1588 fuerit
1233 1524 1287 1588 de-

167 1614 325 1677 bilitatus
341 1616 402 1676 aut
418 1616 583 1687 mortuus,
608 1613 701 1689 hisss,
727 1613 786 1695 qui
801 1613 884 1677 feris
908 1613 1050 1677 insidias
1068 1612 1124 1677 vel
1147 1612 1287 1695 laqueos

166 1702 375 1785 preparavit,
410 1702 552 1766 tertiam
586 1705 720 1786 partem
753 1703 999 1786 conpositionis
1034 1701 1184 1777 exolvat,
1221 1722 1286 1784 que

165 1791 282 1854 fuerat
311 1791 479 1854 hactenus
510 1783 727 1855 debilitatish
755 1791 951 1855 hominibus
976 1784 1047 1854 vel¹
1078 1784 1224 1854 occisisk
1250 1791 1287 1852 in

165 1879 300 1962 legibus
331 1873 600 1963 conprehensa¹;
636 1881 717 1961 quia
751 1879 787 1942 in
822 1880 945 1944 itinere
980 1880 1190 1942 hominumm
1221 1879 1287 1942 hoc

166 1968 357 2051 periculum
380 1969 614 2032 nescientibus
638 1989 805 2051 apparare
828 1988 898 2031 non
923 1967 1053 2032 debuit.

539 2119 665 2174 xxnn.
696 2118 911 2188 Androuna.

222 2232 282 2296 De
313 2232 480 2295 damnis
510 2233 597 2296 iter
628 2231 852 2316 publicum
884 2225 1225 2297 claudentiumb.

273 2338 331 2402 Sil
354 2339 421 2402 iter
444 2338 623 2422 publicum
639 2338 794 2402 clausum
810 2339 865 2416 sii,
889 2339 1149 2422 rumpentibus⁰
1171 2360 1287 2423 sepem

166 2431 226 2490 aut
260 2428 390 2491 vallum
423 2427 523 2492 nulla
558 2428 731 2491 calumnia
764 2430 952 2492 moveatur.
1003 2427 1071 2491 Ille
1100 2448 1191 2505 vero,
1227 2429 1287 2512 qui

164 2516 254 2581 viam
283 2517 469 2592 clauserat,
501 2537 566 2600 que
597 2519 821 2581 consueverat
850 2517 1078 2599 frequentari,
1110 2517 1139 2580 si
1169 2538 1287 2582 servus

164 2608 226 2682 est,
252 2626 272 2668 a
294 2606 408 2670 iudice
425 2607 636 2690 perducatur
652 2607 696 2670 ad
712 2626 837 2690 sepem,
863 2609 898 2670 et
922 2617 943 2671 0
966 2605 1106 2689 flagella
1121 2607 1288 2690 suscipiat

165 2699 200 2758 ct
223 2716 285 2778 per
308 2695 560 2759 districtionem
590 2695 715 2759 iudicis
743 2695 891 2779 priorem
913 2695 1005 2758 viam
1028 2695 1161 2779 aperire
1190 2716 1286 2778 coga-

163 2786 231 2854 tur,
264 2784 366 2846 etiam
399 2784 428 2846 si
457 2779 605 2848 messesd
631 2784 760 2847 ibidem
784 2803 857 2847 esse
879 2784 1098 2847 videantur⁰.
1146 2783 1286 2847 sivero

164 2872 200 2934 id
215 2871 323 2935 fuerit
339 2893 360 2934 a
375 2865 592 2955 potentioref
611 2872 828 2947 conmissum,
854 2872 1037 2954 exigantur
1053 2872 1085 2935 ei
1101 2870 1203 2934 solidi
1217 2883 1283 2936 XX.

163 2959 309 3041 Relique
342 2962 458 3023 autem
493 2980 636 3043 persone
669 2959 757 3023 talia
791 2960 1037 3024 conmittentes
1071 2965 1125 3024 Xff
1158 2959 1286 3023 solidos

165 3046 320 3111 exolvere
337 3047 595 3130 conpellantur;
620 3048 671 3110 ita
693 3050 734 3110 ut
756 3049 893 3111 homnis
909 3048 1012 3110 huius
1027 3048 1077 3112 rei
1093 3048 1286 3131 conpositio

165 3136 238 3198 fisci
260 3135 391 3199 viribus
413 3135 595 3199 inferatur.

271 3308 294 3356 b)
308 3318 335 3347 es
350 3307 398 3349 132.
453 3309 474 3354 c)
487 3308 613 3350 anteum.
668 3306 691 3356 d)
705 3306 940 3350 admonitionemm.
995 3310 1016 3356 e)
1030 3309 1086 3348 deest
1100 3310 1146 3350 Rl.
1200 3310 1286 3356 {icon-

164 3361 310 3401 mouisionem
324 3362 372 3403 Bi.
420 3362 442 3410 g)
456 3362 513 3400 dact
526 3361 575 3404 ΒΞ.
623 3361 647 3409 h)
661 3360 792 3402 debilitatus
806 3363 855 3404 ns,
869 3363 917 3404 El.
965 3361 982 3413 i)
995 3362 1285 3402 vei-itinereheminum

164 3415 267 3456 reem.
309 3413 477 3462 kioccisiBI.
518 3415 534 3461 1)
548 3426 687 3464 conpreenss
701 3416 749 3457 122.
797 3415 1284 3466 mJIeau1.s;0mniumur;cmrei.

271 3468 365 3511 XXIIII.
406 3470 428 3516 s)
442 3469 499 3506 dmi
513 3468 562 3511 Rc.
625 3469 649 3516 b)
663 3467 844 3509 concludentium
859 3469 907 3510 Bi.
969 3471 989 3517 c)
1004 3469 1137 3518 rupentlbus
1152 3470 1203 3519 Bl;
1225 3480 1286 3508 rum·

164 3519 232 3568 piendi
247 3522 300 3572 1325
322 3522 435 3570 rumpenti
450 3522 527 3564 Em.
581 3519 604 3570 d)
618 3524 650 3560 ua
664 3523 778 3572 Bl.E1;
800 3533 872 3562 messe
886 3523 934 3565 122.
989 3524 1010 3570 e)
1025 3523 1057 3561 iic
1070 3523 1117 3564 121.
1131 3523 1184 3573 E13
1207 3520 1286 3562 vides·

164 3580 200 3613 tur
214 3575 262 3616 Μ.
311 3575 329 3625 f)
343 3576 440 3624 petitore
454 3576 503 3618 ΕΙ.
555 3577 578 3624 ς)
592 3574 689 3616 decenos
703 3576 752 3618 122.
766 3577 814 3618 El.

165 3698 190 3764 l)
207 3698 287 3750 Hunc
306 3700 394 3764 lcpem,
421 3700 480 3751 licet
502 3700 671 3766 ‘antiquam',
697 3707 785 3752 tamen
801 3715 917 3767 prorsus
935 3700 1017 3752 aliter
1034 3700 1120 3752 turbis
1137 3707 1286 3768 conceptum

162 3771 246 3832 fuisse
270 3772 299 3822 in
318 3771 410 3822 Codice
428 3772 527 3822 Eurici
546 3778 620 3839 paics
642 3787 676 3824 ea
693 3771 762 3838 chc
780 3772 876 3826 Baius.
901 3788 961 3822 cum
978 3771 1047 3836 che
1065 3772 1152 3836 Bury.
1176 3772 1283 3838 collata,

162 3857 228 3906 quae
247 3848 360 3908 utruque
377 3842 429 3892 illa
449 3842 552 3894 chks‘s
570 3843 668 3894 Eustcs'
686 3843 739 3908 laps
756 3845 810 3895 niti
827 3843 939 3898 uidciw.
972 3843 1013 3907 Cf.
1032 3842 1065 3896 L.
1086 3843 1173 3908 Bury.
1193 3845 1236 3908 ⁶27,
1254 3846 1285 3898 3:

164 3949 169 3962 .
185 3953 190 3965 .
205 3954 211 3966 .
225 3912 390 3978 quicumque
402 3911 474 3965 viam
487 3912 626 3980 publicem
639 3917 687 3966 sut
698 3913 842 3967 vicinalem
856 3913 991 3981 clauserit,
1007 3911 1067 3966 XII
1079 3913 1127 3968 sel.
1141 3930 1170 3966 se
1182 3914 1285 3966 multae

162 3982 273 4034 nomine
292 3983 400 4035 noverit
417 3983 574 4050 inlaturum,
598 3983 637 4037 iia
660 3988 691 4037 ut
709 3984 779 4052 sepis
798 3984 844 4036 illu
862 3983 975 4052 impune
994 4001 1010 4036 s
1028 3983 1219 4037 transitoribus
1238 3983 1284 4037 de·

162 4057 289 4120 ponatur,
309 4057 337 4106 et
355 4053 458 4120 messis,
477 4058 610 4121 quantum
623 4054 683 4108 viae
695 4056 813 4124 spatium
827 4055 967 4108 continere
979 4059 1100 4122 putatur,
1114 4059 1285 4122 contemtum

164 4125 196 4178 ib.
210 4128 253 4189 27,
269 4127 298 4178 5:
318 4122 349 4176 Si
367 4141 460 4177 servus
478 4123 531 4178 hoc
550 4124 654 4193 iecerit,
673 4125 819 4178 Oiusiium
838 4126 908 4179 ictus
926 4125 1050 4193 accipiet.
1065 4168 1071 4180 .
1087 4167 1113 4181 ..
1142 4128 1174 4182 L.
1188 4127 1284 4180 Baius.

164 4199 206 4260 10,
223 4198 268 4249 19:
288 4193 318 4248 Si
331 4195 390 4262 quis
403 4195 448 4248 vis
466 4196 577 4264 publica
596 4238 602 4252 .
617 4238 623 4251 .
638 4238 644 4251 .
663 4197 791 4250 clauserit
811 4239 817 4252 .
832 4239 837 4252 .
852 4236 872 4263 .,
892 4214 954 4250 cum
967 4195 1027 4249 XII
1039 4197 1088 4251 sol.
1102 4200 1240 4264 conponat
1258 4201 1286 4249 ei

163 4266 236 4318 illem
256 4283 348 4333 sepem
367 4266 460 4335 auat,
480 4268 514 4322 io.
528 4269 578 4322 20:
597 4266 639 4320 De
657 4267 702 4320 via
720 4267 887 4321 convicinule
908 4311 913 4323 .
933 4309 939 4323 .
960 4307 979 4335 .‚
998 4266 1046 4334 qui
1064 4283 1124 4319 eam
1144 4308 1193 4322 ...
1212 4268 1286 4320 clau·

163 4337 229 4389 serit
247 4354 308 4389 curn
328 4335 372 4390 VI
390 4338 437 4392 sol.
458 4341 596 4406 conponat
614 4342 643 4391 et
661 4339 774 4407 sperici.
