3000 4934
123 1232 191 1302 DE
227 1230 586 1318 DIVISIONIBUS‚
627 1229 886 1302 ANNORUM
922 1228 1245 1302 TEMPORIBUS

443 1371 622 1460 ADQUE
650 1371 921 1444 LIMITIBUS.

372 1596 601 1704 LIBER
638 1592 993 1704 DECIMUS.

122 1850 150 1911 I.
174 1848 389 1912 TITULUS:
430 1848 492 1910 DII
528 1846 858 1912 DIVISIONIBUS
888 1846 946 1909 ΕΤ
976 1846 1142 1909 TERRIS
1178 1846 1243 1908 AD

470 1954 710 2018 PLAOITUM
741 1949 891 2016 DATIS.

271 2080 299 2141 Ι.
335 2079 384 2142 Ut
407 2078 522 2141 valeat
546 2077 651 2141 semel
675 2078 770 2140 facia
794 2076 926 2138 divisio.

250 2167 299 2229 II.
335 2166 389 2230 Do
412 2187 482 2229 non
504 2166 718 2229 revocanda³
746 2165 912 2228 divisione
936 2164 1028 2227 inter
1051 2164 1186 2226 fratros.

229 2255 298 2317 ΠΙ.
334 2254 392 2328 Ut,
424 2255 516 2378 (Quod
541 2274 561 2317 a
584 2253 741 2336 plurimis
773 2257 808 2316 et
832 2274 852 2315 a
876 2253 1075 2316 melioribus
1101 2253 1137 2314 in
1162 2253 1243 2316 divi-

334 2344 428 2407 sione
470 2343 801 2415 est⁰consi1tuium‚
827 2362 847 2405 a
871 2342 989 2425 paucis
1013 2344 1049 2405 ei
1070 2342 1243 2405 deteriori·

334 2433 397 2496 bus
422 2453 491 2496 non
514 2432 619 2495 liceat
641 2432 817 2495 inmutari.

207 2522 297 2584 IIII.
333 2520 382 2584 Ui
406 2521 510 2585 liceat
533 2521 594 2583 uni
618 2521 738 2584 heredi
760 2520 977 2603 respondere,
1007 2519 1035 2581 si
1059 2519 1103 2583 sb
1127 2518 1242 2602 aliquo

333 2611 499 2694 periture,
518 2613 553 2674 et
572 2604 730 2693 [petere‘¹,
749 2610 778 2672 si
794 2629 897 2673 causa
912 2607 1153 2690 qualicumque
1167 2629 1243 2671 con·

333 2693 523 2783 pellnurssi.

256 2788 295 2849 V.
333 2787 369 2850 Si
393 2787 560 2870 placitum
591 2788 667 2869 quis
691 2786 868 2850 divisionis
891 2785 1102 2867 inrumpaff,
1134 2785 1243 2848 diviso

332 2880 430 2958 paros
454 2896 634 2958 usurpans.

234 2964 295 3026 VI.
333 2964 369 3026 si
392 2964 525 3027 vineam
552 2967 614 3026 aui
638 2964 777 3025 domum
801 2962 876 3043 quis
900 2962 936 3023 in
958 2961 1125 3024 consortis
1149 2965 1242 3024 torro

333 3052 575 3115 construxerit.

214 3139 296 3202 VII.
333 3139 369 3202 si
399 3140 535 3203 vineam
569 3139 605 3201 in
636 3138 750 3202 aliena
779 3141 873 3201 berra
907 3137 983 3219 quis
1019 3137 1168 3220 plantet,
1205 3137 1240 3200 in

331 3249 400 3310 qua
423 3230 569 3291 soriem⁰
598 3248 668 3291 non
691 3227 807 3291 habet.

192 3316 294 3379 VIII.
330 3316 383 3380 Do
408 3316 573 3380 divisione
596 3320 767 3381 terrarum
791 3315 886 3378 facta
913 3314 1003 3378 inter
1028 3312 1157 3378 Gutum
1181 3308 1237 3378 ets

331 3406 534 3469 Romanum.

171 3494 294 3557 VIIII.
330 3494 383 3558 De
414 3494 508 3558 silvis
539 3494 630 3558 inter
655 3492 783 3558 Goium
808 3495 844 3557 et
866 3491 1061 3555 Romanum
1084 3492 1240 3556 indivisis

330 3584 471 3648 relictis.

251 3673 294 3735 X.
331 3670 431 3751 Quod
467 3693 520 3748 ea,
561 3692 627 3755 que
667 3691 784 3736 servus
819 3691 889 3734 non
923 3669 1065 3733 iubente
1101 3670 1239 3734 domino

330 3761 466 3837 feeerit,
500 3764 643 3844 excepto
673 3760 766 3842 quod
789 3760 846 3823 lox
868 3758 1000 3835 iuboi⁰‚
1027 3758 1142 3823 valere
1169 3780 1237 3822 non

329 3851 467 3932 poterit.

230 3938 293 4000 XI.
329 3936 387 4013 Ut,
413 3939 472 4019 qui
494 3942 603 4001 terras
628 3937 672 4000 ad
696 3942 889 4001 cononemi
911 3936 1046 4020 accipit,
1072 3936 1238 4019 placitum

329 4029 450 4089 servet.

223 4214 287 4256 mn.
302 4215 326 4257 X.
354 4215 411 4257 TIT.
428 4215 443 4257 1.
478 4218 500 4263 a)
515 4213 636 4255 resosonds
651 4215 696 4256 Rl.
744 4215 767 4259 b)
782 4212 899 4252 derisione
914 4213 960 4254 Bl.
1005 4214 1025 4257 c)
1040 4213 1124 4260 reliqua
1139 4213 1239 4250 rubricae

111 4279 169 4315 paru
183 4269 239 4305 dem
253 4269 301 4310 Ru.
369 4265 392 4314 d)
406 4274 485 4316 potore
500 4290 526 4298 -
540 4268 674 4317 conpellitur
689 4268 773 4305 aimoino
788 4268 834 4308 Bl.
898 4269 918 4312 e)
933 4267 962 4307 ol.
978 4277 1005 4307 m.
1019 4275 1075 4307 corr.
1090 4271 1177 4314 partem
1192 4266 1238 4307 Bl.

115 4318 222 4369 nanque
236 4321 284 4363 122.
338 4324 361 4370 g)
375 4331 500 4361 cnnuonom
514 4322 560 4364 121.

972 4404 1022 4460 18*
