3000 4934
231 351 283 405 170
434 345 513 401 Lux
529 345 645 403 VISIG.
664 344 934 403 Rusonssvflu).
971 344 1007 413 V,
1027 349 1052 414 7,
1071 350 1150 403 6—9.

443 523 495 582 VI.
529 522 699 579 FLAVIUS
718 522 1033 582 GHINDASVINDUS
1051 524 1139 579 unx.

232 639 275 702 si
311 659 418 714 eum,
455 657 576 719 quem
612 635 776 720 aliquis
810 657 951 701 coram
985 637 1132 700 iudice
1165 637 1355 702 liberum

232 746 325 791 esse
360 726 541 803 dixerit,
581 728 735 809 postea
758 727 862 877 laidlb
886 726 1117 789 servitium
1151 729 1354 810 repetere

703 835 751 878 ve
800 815 836 877 it
869 861 877 875 .

341 920 408 999 Qui
439 940 500 984 suo
529 920 729 985 testimonio
761 940 874 984 coram
908 921 1022 984 iudice
1056 919 1248 1003 quemlibet
1281 941 1355 985 esse

232 1010 381 1074 liberum
411 1009 536 1072 dixerit
566 1011 602 1072 et
631 1010 851 1090 postmodum
879 1029 958 1074 eum
986 1009 1030 1071 ad
1059 1009 1237 1073 servitium
1259 1009 1356 1073 incli-

232 1118 315 1163 nare
342 1097 501 1175 voluerit,
533 1096 660 1161 alium⁰
692 1096 745 1160 illi
775 1098 985 1181 mancipium
1014 1091 1054 1160 ed
1081 1099 1253 1162 contrario
1282 1098 1356 1162 red·

234 1188 304 1265 dat,
323 1189 358 1252 et
373 1207 475 1270 quem
491 1185 683 1270 obprimere
698 1186 886 1263 nitebatur,
911 1187 948 1249 in
964 1185 1126 1251 libertate
1144 1188 1355 1271 permaneat.

635 1355 702 1412 vn.
733 1355 946 1427 Arrrouna.

235 1470 279 1535 Si
305 1470 463 1535 timore
491 1469 982 1621 conpulsusdquisquam
1006 1488 1174 1533 servum
1197 1489 1239 1533 se
1264 1488 1356 1533 esse

759 1557 860 1622 icat.
973 1558 975 1564 ’

343 1663 411 1742 Qui
425 1664 549 1728 timore
566 1663 751 1748 conpulsus
767 1683 902 1728 servum
921 1683 957 1727 se
973 1683 1046 1728 esse
1063 1664 1196 1741 dixerit,
1220 1662 1358 1725 nullum

235 1753 464 1837 preiudicium
487 1751 660 1816 libertatis
682 1753 847 1828 incurrat,
879 1753 988 1816 donec
1011 1753 1049 1815 in
1072 1752 1200 1816 iudicio
1223 1771 1357 1836 presen-

234 1844 340 1918 tetur,
364 1844 405 1903 ut
428 1839 627 1905 libertatem
646 1859 753 1919 suam,
777 1841 806 1903 si
830 1840 1036 1924 probaverit,
1061 1844 1219 1925 presente
1242 1840 1356 1905 iudice

235 1930 402 2081 pbtineat
434 1933 496 1994 aut
526 1931 555 1993 si
585 1948 701 1995 servus
731 1929 956 2007 convincitur,
991 1928 1110 1993 statim
1141 1930 1279 1994 domino
1308 1949 1357 1992 re·

253 2021 415 2082 ormetur.

649 2151 729 2210 vm.
760 2151 944 2222 ANTIQUA.

237 2266 281 2330 Si
301 2267 519 2350 ingenuus
540 2267 592 2331 ad
612 2266 844 2330 servitium
863 2267 1104 2350 repetatur,
1121 2264 1190 2330 vel
1209 2284 1359 2329 servus

532 2374 575 2419 se
599 2353 786 2418 liberum
810 2373 903 2418 esse
927 2354 1057 2418 dicat.

344 2459 382 2524 Si
411 2461 487 2543 quis
517 2460 707 2544 ingenuum
738 2461 782 2525 ad
810 2460 988 2525 servitium
1016 2460 1175 2525 addicere
1197 2459 1357 2536 voluerit,

236 2550 309 2634 ipse
326 2549 458 2626 doceat,
482 2570 550 2633 quo
573 2549 693 2613 ordine
717 2549 749 2612 ei
772 2569 888 2613 servus
911 2549 1105 2627 advenerit3
1131 2552 1167 2614 et
1189 2549 1218 2612 si
1242 2568 1359 2612 servus

236 2638 427 2719 ingenuum
451 2657 486 2702 se
510 2657 582 2701 esse
607 2636 741 2715 dixerit,
773 2641 810 2702 et
838 2639 912 2722 ipse
943 2637 1048 2701 simili
1075 2639 1177 2702 modo
1204 2636 1359 2719 ingenui·

235 2726 320 2790 tatis
360 2745 420 2791 sue
455 2726 589 2789 firmam
627 2727 789 2791 ostendat
827 2727 1076 2811 probationem.
1133 2726 1245 2791 Iudex
1277 2740 1359 2790 vero

237 2835 355 2879 eorum
374 2815 526 2899 recipere
541 2815 779 2879 testimonium
795 2816 908 2893 debet,
933 2836 1018 2899 quos
1042 2815 1199 2880 meliores
1223 2815 1356 2897 adquea

237 2903 406 2988 pluriores
436 2923 508 2968 esse
538 2904 737 2989 providerit.
789 2903 891 2983 Quod
919 2905 947 2968 si
977 2904 1129 2968 muneris
1159 2903 1359 2987 acceptione

237 2995 419 3077 corruptus
434 2993 563 3058 iniuste
579 2985 795 3058 curvaberitb
811 2993 1042 3070 innocentem,
1055 2995 1129 3058 tam
1140 2992 1244 3057 iudex
1256 3011 1360 3075 quarn

168 3114 170 3119 ·
236 3081 367 3166 petitor
388 3081 543 3146 falsarii⁰
571 3101 660 3166 pena
684 3075 887 3147 multe‘ntur.
1387 3108 1412 3147 v.

642 3251 741 3309 vnn.
772 3251 956 3323 surram.

327 3363 467 3444 Quare
503 3367 606 3430 data
639 3366 829 3430 libertas
864 3365 1024 3430 debeat
1057 3362 1266 3429 revocari.

344 3470 414 3550 Qui
441 3491 537 3537 servo
566 3492 627 3536 suo
651 3471 707 3536 vel
735 3471 861 3536 ancille
888 3471 1085 3536 libertatem
1109 3469 1299 3546 donaverit,
1324 3471 1360 3532 et

236 3562 396 3644 presente
424 3561 601 3625 sacerdote
624 3560 680 3624 vel
708 3560 785 3624 aliis
816 3560 950 3625 duobus
981 3562 1042 3624 aut
1071 3558 1184 3623 tribus
1212 3557 1360 3622 testibus

237 3649 303 3711 hoc
329 3647 464 3712 factum
488 3668 560 3712 esse
584 3650 788 3726 constiterit,
818 3649 1016 3713 huiusmodi
1044 3648 1251 3715 libertatem¹
1269 3666 1361 3711 revo·
1387 3673 1415 3714 a.

238 3756 315 3800 care
331 3756 402 3800 non
417 3735 532 3813 liceat,
558 3740 700 3821 excepto
725 3739 754 3801 si
769 3738 1035 3802 manumissoria
1055 3758 1143 3814 eum,
1169 3735 1229 3820 qui
1244 3754 1360 3798 manu·

237 3824 360 3888 missus
376 3827 438 3902 est,
455 3824 658 3889 iniuriosum
675 3828 736 3890 aut
752 3826 1040 3892 contumeliosum
1054 3826 1112 3892 vel
1127 3827 1361 3890 accusatorem

239 4065 263 4118 d)
303 4067 324 4105 R
344 4015 384 4058 VI.
431 4016 453 4064 a)
472 4015 496 4055 in
514 4015 609 4056 servitio
627 4017 676 4060 122.
761 4017 785 4066 1))
803 4016 860 4057 velit
876 4017 927 4062 122.
1007 4015 1029 4069 c)
1046 4018 1079 4056 ita
1096 4015 1211 4066 num
1237 4015 1295 4055 aliut
1312 4013 1361 4056 122.

345 4121 396 4163 VII.
436 4122 592 4170 1011th.
646 4123 833 4171 humorem.

344 4175 408 4218 VIII.
448 4175 471 4227 ι)
484 4174 559 4224 adque
572 4176 602 4225 pl.
616 4176 660 4218 dcc.
673 4176 721 4219 Bl.
782 4177 805 4225 b)
818 4178 852 4216 ita
865 4176 947 4228 R1.r;
970 4176 1148 4219 corner-itm.
1202 4177 1278 4225 cmo
1292 4173 1361 4213 verbis

237 4227 324 4268 fabarii
337 4238 359 4277 p.
373 4239 402 4270 m.
420 4229 490 4268 oraru
508 4230 538 4271 al.
552 4240 611 4272 mon.
628 4231 711 4278 octupla
729 4231 830 4279 locamur
845 4231 869 4269 in
882 4230 936 4270 122:
958 4227 1082 4270 secundum
1101 4229 1174 4279 legem
1192 4229 1260 4269 elium
1278 4224 1307 4268 de
1326 4226 1361 4266 his

237 4281 277 4330 qul
291 4282 375 4321 iniuste
389 4279 543 4322 ludim-crint
556 4293 692 4333 componere
705 4294 752 4324 non
765 4287 888 4326 morentur.

344 4335 420 4380 VIIII.
460 4335 483 4389 e)
496 4337 658 4378 manumissore
672 4337 719 4381 Bl.
