<?xml version="1.0" encoding="UTF-8"?>
<!DOCTYPE html PUBLIC "-//W3C//DTD XHTML 1.0 Transitional//EN"
    "http://www.w3.org/TR/xhtml1/DTD/xhtml1-transitional.dtd">
<html xmlns="http://www.w3.org/1999/xhtml" xml:lang="en" lang="en">
 <head>
  <title>
</title>
<meta http-equiv="Content-Type" content="text/html;charset=utf-8" />
  <meta name='ocr-system' content='tesseract 3.04.00' />
  <meta name='ocr-capabilities' content='ocr_page ocr_carea ocr_par ocr_line ocrx_word'/>
</head>
<body>
  <div class='ocr_page' id='page_1' title='image "./fontesiurisgerm01unkngoog_0421.png"; bbox 0 0 3000 4934; ppageno 0'>
   <div class='ocr_carea' id='block_1_1' title="bbox 184 354 1086 414">
    <p class='ocr_par' dir='ltr' id='par_1_1' title="bbox 184 354 1086 414">
     <span class='ocr_line' id='line_1_1' title="bbox 184 354 1086 414; baseline -0.002 0"><span class='ocrx_word' id='word_1_1' title='bbox 184 361 237 414; x_wconf 93' lang='grc'><strong>378</strong></span> <span class='ocrx_word' id='word_1_2' title='bbox 403 356 458 412; x_wconf 78' lang='lat'>111.</span> <span class='ocrx_word' id='word_1_3' title='bbox 496 355 617 410; x_wconf 85' lang='lat' dir='ltr'>INDEX</span> <span class='ocrx_word' id='word_1_4' title='bbox 635 354 773 410; x_wconf 78' lang='lat' dir='ltr'>RERUM</span> <span class='ocrx_word' id='word_1_5' title='bbox 791 354 841 408; x_wconf 81' lang='lat' dir='ltr'><strong>ET</strong></span> <span class='ocrx_word' id='word_1_6' title='bbox 860 354 1086 413; x_wconf 80' lang='lat' dir='ltr'>VERBORUM.</span> 
     </span>
    </p>
   </div>
   <div class='ocr_carea' id='block_1_2' title="bbox 185 532 1367 1667">
    <p class='ocr_par' dir='ltr' id='par_1_2' title="bbox 220 532 1307 602">
     <span class='ocr_line' id='line_1_2' title="bbox 220 532 1307 602; baseline -0.004 -11"><span class='ocrx_word' id='word_1_7' title='bbox 220 538 281 590; x_wconf 93' lang='grc'><strong>280.</strong></span> <span class='ocrx_word' id='word_1_8' title='bbox 303 537 365 590; x_wconf 89' lang='grc'><strong>288.</strong></span> <span class='ocrx_word' id='word_1_9' title='bbox 387 538 455 602; x_wconf 91' lang='grc'><strong>290;</strong></span> <span class='ocrx_word' id='word_1_10' title='bbox 480 533 636 586; x_wconf 89' lang='lat' dir='ltr'><strong>libertatem</strong></span> <span class='ocrx_word' id='word_1_11' title='bbox 662 549 725 600; x_wconf 91' lang='lat' dir='ltr'><strong>pro·</strong></span> <span class='ocrx_word' id='word_1_12' title='bbox 798 532 898 585; x_wconf 86' lang='lat' dir='ltr'><strong>nostris</strong></span> <span class='ocrx_word' id='word_1_13' title='bbox 921 535 966 601; x_wconf 87' lang='grc'><strong>(61.</strong></span> <span class='ocrx_word' id='word_1_14' title='bbox 985 532 1068 601; x_wconf 87' lang='lat' dir='ltr'><strong>regis)</strong></span> <span class='ocrx_word' id='word_1_15' title='bbox 1091 533 1165 586; x_wconf 87' lang='lat' dir='ltr'><strong>visus</strong></span> <span class='ocrx_word' id='word_1_16' title='bbox 1184 537 1226 586; x_wconf 90' lang='lat' dir='ltr'><strong>est</strong></span> <span class='ocrx_word' id='word_1_17' title='bbox 1243 551 1307 602; x_wconf 87' lang='lat' dir='ltr'><strong>pro·</strong></span> 
     </span>
    </p>

    <p class='ocr_par' dir='ltr' id='par_1_3' title="bbox 220 604 1236 674">
     <span class='ocr_line' id='line_1_3' title="bbox 220 604 1236 674; baseline -0.001 -15"><span class='ocrx_word' id='word_1_18' title='bbox 220 606 286 659; x_wconf 90' lang='lat' dir='ltr'><strong>bare</strong></span> <span class='ocrx_word' id='word_1_19' title='bbox 304 609 407 674; x_wconf 89' lang='grc'><strong>8.170;</strong></span> <span class='ocrx_word' id='word_1_20' title='bbox 426 605 543 673; x_wconf 90' lang='lat' dir='ltr'><strong>probare</strong></span> <span class='ocrx_word' id='word_1_21' title='bbox 561 604 726 657; x_wconf 86' lang='lat' dir='ltr'><strong>celebratam</strong></span> <span class='ocrx_word' id='word_1_22' title='bbox 798 604 929 656; x_wconf 89' lang='lat' dir='ltr'><strong>meruisse</strong></span> <span class='ocrx_word' id='word_1_23' title='bbox 949 607 1008 658; x_wconf 83' lang='lat'>307.</span> <span class='ocrx_word' id='word_1_24' title='bbox 1234 606 1236 611; x_wconf 86' lang='grc'><strong>’</strong></span> 
     </span>
    </p>

    <p class='ocr_par' dir='ltr' id='par_1_4' title="bbox 220 674 1306 744">
     <span class='ocr_line' id='line_1_4' title="bbox 220 674 1306 744; baseline -0.003 -15"><span class='ocrx_word' id='word_1_25' title='bbox 220 677 380 730; x_wconf 87' lang='lat' dir='ltr'><strong>divisionem</strong></span> <span class='ocrx_word' id='word_1_26' title='bbox 396 680 463 744; x_wconf 79' lang='lat'><strong>2783</strong></span> <span class='ocrx_word' id='word_1_27' title='bbox 482 692 578 728; x_wconf 84' lang='lat' dir='ltr'><strong>causae</strong></span> <span class='ocrx_word' id='word_1_28' title='bbox 591 678 681 728; x_wconf 86' lang='lat' dir='ltr'><strong>certae</strong></span> <span class='ocrx_word' id='word_1_29' title='bbox 699 677 727 727; x_wconf 90' lang='lat' dir='ltr'><strong>et</strong></span> <span class='ocrx_word' id='word_1_30' title='bbox 762 674 906 742; x_wconf 85' lang='lat' dir='ltr'><strong>promissio</strong></span> <span class='ocrx_word' id='word_1_31' title='bbox 931 678 998 742; x_wconf 85' lang='grc'><strong>283;</strong></span> <span class='ocrx_word' id='word_1_32' title='bbox 1027 675 1178 744; x_wconf 89' lang='lat' dir='ltr'><strong>coniugalis</strong></span> <span class='ocrx_word' id='word_1_33' title='bbox 1203 693 1229 744; x_wconf 89' lang='lat' dir='ltr'><strong>p.</strong></span> <span class='ocrx_word' id='word_1_34' title='bbox 1256 679 1306 744; x_wconf 79' lang='lat'><strong>893</strong></span> 
     </span>
    </p>

    <p class='ocr_par' dir='ltr' id='par_1_5' title="bbox 220 745 1012 816">
     <span class='ocr_line' id='line_1_5' title="bbox 220 745 1012 816; baseline -0.001 -15"><span class='ocrx_word' id='word_1_35' title='bbox 220 749 351 816; x_wconf 87' lang='lat' dir='ltr'><strong>probatae</strong></span> <span class='ocrx_word' id='word_1_36' title='bbox 366 752 407 803; x_wconf 92' lang='grc'><strong>12.</strong></span> <span class='ocrx_word' id='word_1_37' title='bbox 422 778 456 786; x_wconf 93' lang='grc'>-</span> <span class='ocrx_word' id='word_1_38' title='bbox 469 745 553 799; x_wconf 88' lang='lat' dir='ltr'>fidem</span> <span class='ocrx_word' id='word_1_39' title='bbox 563 746 726 815; x_wconf 87' lang='lat' dir='ltr'><strong>(servorum)</strong></span> <span class='ocrx_word' id='word_1_40' title='bbox 799 745 888 798; x_wconf 91' lang='lat' dir='ltr'><strong>inanis</strong></span> <span class='ocrx_word' id='word_1_41' title='bbox 905 763 933 813; x_wconf 93' lang='lat' dir='ltr'><strong>p.</strong></span> <span class='ocrx_word' id='word_1_42' title='bbox 953 749 1012 800; x_wconf 89' lang='grc'>148.</span> 
     </span>
    </p>

    <p class='ocr_par' dir='ltr' id='par_1_6' title="bbox 221 816 1308 888">
     <span class='ocr_line' id='line_1_6' title="bbox 221 816 1308 888; baseline -0.003 -15"><span class='ocrx_word' id='word_1_43' title='bbox 221 819 364 888; x_wconf 91' lang='lat' dir='ltr'><strong>episcopus</strong></span> <span class='ocrx_word' id='word_1_44' title='bbox 381 818 425 871; x_wconf 92' lang='lat' dir='ltr'><strong>vel</strong></span> <span class='ocrx_word' id='word_1_45' title='bbox 443 817 526 870; x_wconf 87' lang='lat' dir='ltr'><strong>iudex</strong></span> <span class='ocrx_word' id='word_1_46' title='bbox 544 817 662 884; x_wconf 89' lang='lat' dir='ltr'><strong>probare</strong></span> <span class='ocrx_word' id='word_1_47' title='bbox 681 816 727 869; x_wconf 92' lang='lat' dir='ltr'><strong>de·</strong></span> <span class='ocrx_word' id='word_1_48' title='bbox 763 816 936 884; x_wconf 82' lang='lat' dir='ltr'><strong>promittere:</strong></span> <span class='ocrx_word' id='word_1_49' title='bbox 955 833 1018 884; x_wconf 89' lang='lat' dir='ltr'><strong>pars</strong></span> <span class='ocrx_word' id='word_1_50' title='bbox 1030 816 1113 884; x_wconf 92' lang='lat' dir='ltr'><strong>pretii</strong></span> <span class='ocrx_word' id='word_1_51' title='bbox 1129 817 1265 885; x_wconf 90' lang='lat' dir='ltr'><strong>promissa</strong></span> <span class='ocrx_word' id='word_1_52' title='bbox 1283 823 1308 873; x_wconf 89' lang='lat'><strong>9.</strong></span> 
     </span>
    </p>

    <p class='ocr_par' dir='ltr' id='par_1_7' title="bbox 185 887 1308 1029">
     <span class='ocr_line' id='line_1_7' title="bbox 221 887 1308 957; baseline -0.004 -14"><span class='ocrx_word' id='word_1_53' title='bbox 221 892 268 943; x_wconf 90' lang='lat' dir='ltr'><strong>bet</strong></span> <span class='ocrx_word' id='word_1_54' title='bbox 285 893 329 945; x_wconf 89' lang='lat'><strong>83.</strong></span> <span class='ocrx_word' id='word_1_55' title='bbox 800 890 867 954; x_wconf 78' lang='lat'><strong>1523</strong></span> <span class='ocrx_word' id='word_1_56' title='bbox 898 888 1046 940; x_wconf 87' lang='lat' dir='ltr'><strong>iuramenti</strong></span> <span class='ocrx_word' id='word_1_57' title='bbox 1072 887 1165 941; x_wconf 90' lang='lat' dir='ltr'><strong>federe</strong></span> <span class='ocrx_word' id='word_1_58' title='bbox 1193 889 1308 957; x_wconf 85' lang='lat' dir='ltr'><strong>promit-</strong></span> 
     </span>
     <span class='ocr_line' id='line_1_8' title="bbox 185 960 919 1029; baseline 0 -16"><span class='ocrx_word' id='word_1_59' title='bbox 185 960 310 1029; x_wconf 90' lang='lat' dir='ltr'><strong>probatio</strong></span> <span class='ocrx_word' id='word_1_60' title='bbox 330 962 428 1014; x_wconf 85' lang='grc'><strong>5261.</strong></span> <span class='ocrx_word' id='word_1_61' title='bbox 444 961 503 1014; x_wconf 89' lang='grc'><strong>166.</strong></span> <span class='ocrx_word' id='word_1_62' title='bbox 518 960 577 1013; x_wconf 90' lang='grc'><strong>176.</strong></span> <span class='ocrx_word' id='word_1_63' title='bbox 592 960 652 1013; x_wconf 93' lang='grc'><strong>177.</strong></span> <span class='ocrx_word' id='word_1_64' title='bbox 667 961 727 1012; x_wconf 87' lang='grc'><strong>179.</strong></span> <span class='ocrx_word' id='word_1_65' title='bbox 799 962 858 1011; x_wconf 89' lang='grc'><strong>1616</strong></span> <span class='ocrx_word' id='word_1_66' title='bbox 876 961 919 1013; x_wconf 88' lang='lat'><strong>40.</strong></span> 
     </span>
    </p>

    <p class='ocr_par' dir='ltr' id='par_1_8' title="bbox 221 1028 1307 1100">
     <span class='ocr_line' id='line_1_9' title="bbox 221 1028 1307 1100; baseline -0.004 -14"><span class='ocrx_word' id='word_1_67' title='bbox 221 1034 289 1097; x_wconf 76' lang='lat'>2663</span> <span class='ocrx_word' id='word_1_68' title='bbox 315 1029 442 1082; x_wconf 88' lang='lat' dir='ltr'><strong>adulterii</strong></span> <span class='ocrx_word' id='word_1_69' title='bbox 463 1047 490 1097; x_wconf 93' lang='lat' dir='ltr'><strong>p.</strong></span> <span class='ocrx_word' id='word_1_70' title='bbox 511 1032 577 1095; x_wconf 81' lang='lat'>1063</span> <span class='ocrx_word' id='word_1_71' title='bbox 602 1028 727 1098; x_wconf 86' lang='lat' dir='ltr'><strong>ingenui·</strong></span> <span class='ocrx_word' id='word_1_72' title='bbox 763 1029 953 1098; x_wconf 90' lang='lat' dir='ltr'><strong>promulgare:</strong></span> <span class='ocrx_word' id='word_1_73' title='bbox 969 1047 996 1097; x_wconf 90' lang='lat' dir='ltr'><strong>p.</strong></span> <span class='ocrx_word' id='word_1_74' title='bbox 1010 1029 1151 1082; x_wconf 89' lang='lat' dir='ltr'><strong>decretum</strong></span> <span class='ocrx_word' id='word_1_75' title='bbox 1164 1033 1214 1097; x_wconf 80' lang='lat'><strong>383</strong></span> <span class='ocrx_word' id='word_1_76' title='bbox 1233 1030 1307 1100; x_wconf 88' lang='lat' dir='ltr'><strong>leges</strong></span> 
     </span>
    </p>

    <p class='ocr_par' dir='ltr' id='par_1_9' title="bbox 221 1099 1308 1169">
     <span class='ocr_line' id='line_1_10' title="bbox 221 1099 1308 1169; baseline 0 -16"><span class='ocrx_word' id='word_1_77' title='bbox 221 1101 285 1153; x_wconf 90' lang='lat' dir='ltr'><strong>tatis</strong></span> <span class='ocrx_word' id='word_1_78' title='bbox 310 1119 337 1169; x_wconf 92' lang='lat' dir='ltr'><strong>p.</strong></span> <span class='ocrx_word' id='word_1_79' title='bbox 362 1103 429 1166; x_wconf 73' lang='lat'><strong>1703</strong></span> <span class='ocrx_word' id='word_1_80' title='bbox 456 1118 482 1168; x_wconf 94' lang='lat' dir='ltr'><strong>p.</strong></span> <span class='ocrx_word' id='word_1_81' title='bbox 507 1103 582 1153; x_wconf 88' lang='lat' dir='ltr'><strong>certa</strong></span> <span class='ocrx_word' id='word_1_82' title='bbox 606 1104 671 1165; x_wconf 79' lang='lat'><strong>2313</strong></span> <span class='ocrx_word' id='word_1_83' title='bbox 699 1117 727 1167; x_wconf 92' lang='lat' dir='ltr'><strong>p.</strong></span> <span class='ocrx_word' id='word_1_84' title='bbox 799 1099 1308 1168; x_wconf 58' lang='grc'><strong>630161161666661616611-</strong></span> 
     </span>
    </p>

    <p class='ocr_par' dir='ltr' id='par_1_10' title="bbox 221 1170 1307 1240">
     <span class='ocr_line' id='line_1_11' title="bbox 221 1170 1307 1240; baseline 0.004 -16"><span class='ocrx_word' id='word_1_85' title='bbox 221 1172 320 1224; x_wconf 91' lang='lat' dir='ltr'><strong>idonea</strong></span> <span class='ocrx_word' id='word_1_86' title='bbox 339 1175 385 1238; x_wconf 80' lang='lat'><strong>973</strong></span> <span class='ocrx_word' id='word_1_87' title='bbox 404 1189 431 1239; x_wconf 90' lang='lat' dir='ltr'><strong>p.</strong></span> <span class='ocrx_word' id='word_1_88' title='bbox 450 1170 595 1224; x_wconf 86' lang='lat' dir='ltr'><strong>manifesta</strong></span> <span class='ocrx_word' id='word_1_89' title='bbox 613 1173 726 1226; x_wconf 81' lang='grc'><strong>94106.</strong></span> <span class='ocrx_word' id='word_1_90' title='bbox 799 1175 865 1240; x_wconf 86' lang='lat' dir='ltr'><strong>gata</strong></span> <span class='ocrx_word' id='word_1_91' title='bbox 877 1171 981 1224; x_wconf 84' lang='lat' dir='ltr'><strong>sanctio</strong></span> <span class='ocrx_word' id='word_1_92' title='bbox 1000 1171 1065 1224; x_wconf 90' lang='lat' dir='ltr'><strong>iuris</strong></span> <span class='ocrx_word' id='word_1_93' title='bbox 1080 1172 1187 1239; x_wconf 80' lang='lat' dir='ltr'><strong>antiqui</strong></span> <span class='ocrx_word' id='word_1_94' title='bbox 1201 1176 1261 1228; x_wconf 83' lang='grc'><strong>154.</strong></span> <span class='ocrx_word' id='word_1_95' title='bbox 1276 1203 1307 1211; x_wconf 95' lang='grc'><strong>-</strong></span> 
     </span>
    </p>

    <p class='ocr_par' dir='ltr' id='par_1_11' title="bbox 222 1241 1309 1311">
     <span class='ocr_line' id='line_1_12' title="bbox 222 1241 1309 1311; baseline -0.003 -12"><span class='ocrx_word' id='word_1_96' title='bbox 222 1246 289 1311; x_wconf 79' lang='grc'><strong>205;</strong></span> <span class='ocrx_word' id='word_1_97' title='bbox 310 1273 342 1281; x_wconf 96' lang='grc'>-</span> <span class='ocrx_word' id='word_1_98' title='bbox 361 1259 412 1310; x_wconf 93' lang='lat' dir='ltr'><strong>pro</strong></span> <span class='ocrx_word' id='word_1_99' title='bbox 431 1242 593 1311; x_wconf 72' lang='lat' dir='ltr'>probatione</span> <span class='ocrx_word' id='word_1_100' title='bbox 605 1241 728 1308; x_wconf 81' lang='lat' dir='ltr'><strong>torqueri</strong></span> <span class='ocrx_word' id='word_1_101' title='bbox 800 1242 981 1295; x_wconf 80' lang='lat' dir='ltr'><strong>volumtatem</strong></span> <span class='ocrx_word' id='word_1_102' title='bbox 1000 1282 1006 1294; x_wconf 96' lang='lat'><strong>.</strong></span> <span class='ocrx_word' id='word_1_103' title='bbox 1026 1285 1032 1297; x_wconf 92' lang='lat'><strong>.</strong></span> <span class='ocrx_word' id='word_1_104' title='bbox 1054 1285 1059 1297; x_wconf 98' lang='lat'><strong>.</strong></span> <span class='ocrx_word' id='word_1_105' title='bbox 1079 1244 1169 1296; x_wconf 87' lang='lat' dir='ltr'><strong>verbis</strong></span> <span class='ocrx_word' id='word_1_106' title='bbox 1186 1245 1309 1311; x_wconf 90' lang='lat' dir='ltr'><strong>promul·</strong></span> 
     </span>
    </p>

    <p class='ocr_par' dir='ltr' id='par_1_12' title="bbox 224 1311 990 1383">
     <span class='ocr_line' id='line_1_13' title="bbox 224 1311 990 1383; baseline -0.004 -14"><span class='ocrx_word' id='word_1_107' title='bbox 224 1317 290 1380; x_wconf 80' lang='lat'>1063</span> <span class='ocrx_word' id='word_1_108' title='bbox 315 1313 442 1382; x_wconf 90' lang='lat' dir='ltr'><strong>probatio</strong></span> <span class='ocrx_word' id='word_1_109' title='bbox 466 1331 482 1366; x_wconf 90' lang='grc'><strong>6</strong></span> <span class='ocrx_word' id='word_1_110' title='bbox 503 1313 622 1382; x_wconf 89' lang='lat' dir='ltr'><strong>petitore</strong></span> <span class='ocrx_word' id='word_1_111' title='bbox 647 1311 729 1365; x_wconf 91' lang='lat' dir='ltr'><strong>datur</strong></span> <span class='ocrx_word' id='word_1_112' title='bbox 800 1317 990 1383; x_wconf 57' lang='grc'><strong>16161282.</strong></span> 
     </span>
    </p>

    <p class='ocr_par' dir='ltr' id='par_1_13' title="bbox 223 1386 1178 1453">
     <span class='ocr_line' id='line_1_14' title="bbox 223 1386 1178 1453; baseline -0.002 -12"><span class='ocrx_word' id='word_1_113' title='bbox 223 1389 272 1453; x_wconf 84' lang='grc'><strong>54;</strong></span> <span class='ocrx_word' id='word_1_114' title='bbox 291 1403 317 1453; x_wconf 93' lang='lat' dir='ltr'>p.</span> <span class='ocrx_word' id='word_1_115' title='bbox 337 1386 372 1438; x_wconf 85' lang='lat' dir='ltr'><strong>ab</strong></span> <span class='ocrx_word' id='word_1_116' title='bbox 385 1387 500 1452; x_wconf 88' lang='lat' dir='ltr'><strong>utraque</strong></span> <span class='ocrx_word' id='word_1_117' title='bbox 518 1389 597 1452; x_wconf 91' lang='lat' dir='ltr'><strong>parte</strong></span> <span class='ocrx_word' id='word_1_118' title='bbox 616 1400 728 1436; x_wconf 89' lang='lat' dir='ltr'><strong>causan·</strong></span> <span class='ocrx_word' id='word_1_119' title='bbox 764 1388 929 1452; x_wconf 86' lang='lat' dir='ltr'><strong>pronepotes</strong></span> <span class='ocrx_word' id='word_1_120' title='bbox 950 1387 1008 1439; x_wconf 92' lang='grc'><strong>124.</strong></span> <span class='ocrx_word' id='word_1_121' title='bbox 1029 1387 1178 1440; x_wconf 86' lang='grc'><strong>131-133.</strong></span> 
     </span>
    </p>

    <p class='ocr_par' dir='ltr' id='par_1_14' title="bbox 222 1454 1307 1524">
     <span class='ocr_line' id='line_1_15' title="bbox 222 1454 1307 1524; baseline 0.003 -16"><span class='ocrx_word' id='word_1_122' title='bbox 222 1457 292 1508; x_wconf 92' lang='lat' dir='ltr'><strong>tium</strong></span> <span class='ocrx_word' id='word_1_123' title='bbox 308 1455 472 1523; x_wconf 85' lang='lat' dir='ltr'><strong>requirenda</strong></span> <span class='ocrx_word' id='word_1_124' title='bbox 490 1459 537 1521; x_wconf 80' lang='lat'><strong>613</strong></span> <span class='ocrx_word' id='word_1_125' title='bbox 555 1454 682 1523; x_wconf 90' lang='lat' dir='ltr'><strong>probatio</strong></span> <span class='ocrx_word' id='word_1_126' title='bbox 696 1480 728 1498; x_wconf 92' lang='lat'>=</span> <span class='ocrx_word' id='word_1_127' title='bbox 764 1455 970 1524; x_wconf 69' lang='lat' dir='ltr'><strong>propinquitas:</strong></span> <span class='ocrx_word' id='word_1_128' title='bbox 996 1456 1138 1523; x_wconf 82' lang='lat' dir='ltr'><strong>parentela</strong></span> <span class='ocrx_word' id='word_1_129' title='bbox 1161 1459 1189 1509; x_wconf 90' lang='lat' dir='ltr'><strong>et</strong></span> <span class='ocrx_word' id='word_1_130' title='bbox 1210 1473 1239 1523; x_wconf 92' lang='lat' dir='ltr'>p.</span> <span class='ocrx_word' id='word_1_131' title='bbox 1259 1459 1307 1521; x_wconf 74' lang='lat'><strong>783</strong></span> 
     </span>
    </p>

    <p class='ocr_par' dir='ltr' id='par_1_15' title="bbox 223 1527 1367 1594">
     <span class='ocr_line' id='line_1_16' title="bbox 223 1527 1367 1594; baseline -0.001 -15"><span class='ocrx_word' id='word_1_132' title='bbox 223 1534 309 1591; x_wconf 81' lang='lat' dir='ltr'><strong>testea,</strong></span> <span class='ocrx_word' id='word_1_133' title='bbox 338 1528 434 1594; x_wconf 79' lang='lat' dir='ltr'><strong>quibas</strong></span> <span class='ocrx_word' id='word_1_134' title='bbox 456 1527 609 1593; x_wconf 79' lang='lat' dir='ltr'><strong>probatur:</strong></span> <span class='ocrx_word' id='word_1_135' title='bbox 637 1543 729 1578; x_wconf 91' lang='lat' dir='ltr'><strong>coram</strong></span> <span class='ocrx_word' id='word_1_136' title='bbox 801 1527 948 1594; x_wconf 88' lang='lat' dir='ltr'><strong>parentalis</strong></span> <span class='ocrx_word' id='word_1_137' title='bbox 975 1544 1002 1594; x_wconf 92' lang='lat' dir='ltr'><strong>p.</strong></span> <span class='ocrx_word' id='word_1_138' title='bbox 1029 1531 1095 1594; x_wconf 75' lang='lat'><strong>1023</strong></span> <span class='ocrx_word' id='word_1_139' title='bbox 1123 1527 1170 1594; x_wconf 91' lang='lat' dir='ltr'><strong>qui</strong></span> <span class='ocrx_word' id='word_1_140' title='bbox 1197 1527 1227 1578; x_wconf 95' lang='lat' dir='ltr'><strong>in</strong></span> <span class='ocrx_word' id='word_1_141' title='bbox 1255 1544 1309 1579; x_wconf 92' lang='lat' dir='ltr'><strong>uno</strong></span> <span class='ocrx_word' id='word_1_142' title='bbox 1364 1580 1367 1588; x_wconf 73' lang='grc'>,</span> 
     </span>
    </p>

    <p class='ocr_par' dir='ltr' id='par_1_16' title="bbox 223 1597 1309 1667">
     <span class='ocr_line' id='line_1_17' title="bbox 223 1597 1309 1667; baseline 0 -17"><span class='ocrx_word' id='word_1_143' title='bbox 223 1597 414 1666; x_wconf 87' lang='lat' dir='ltr'><strong>probationem</strong></span> <span class='ocrx_word' id='word_1_144' title='bbox 439 1597 529 1650; x_wconf 86' lang='lat' dir='ltr'><strong>verbis</strong></span> <span class='ocrx_word' id='word_1_145' title='bbox 554 1597 729 1665; x_wconf 89' lang='lat' dir='ltr'><strong>promulgare</strong></span> <span class='ocrx_word' id='word_1_146' title='bbox 802 1597 1013 1666; x_wconf 87' lang='lat' dir='ltr'><strong>propinquitatis</strong></span> <span class='ocrx_word' id='word_1_147' title='bbox 1022 1597 1110 1667; x_wconf 90' lang='lat' dir='ltr'><strong>gradu</strong></span> <span class='ocrx_word' id='word_1_148' title='bbox 1118 1599 1228 1665; x_wconf 89' lang='lat' dir='ltr'><strong>equales</strong></span> <span class='ocrx_word' id='word_1_149' title='bbox 1238 1602 1309 1665; x_wconf 90' lang='lat' dir='ltr'><strong>sunt,</strong></span> 
     </span>
    </p>
   </div>
   <div class='ocr_carea' id='block_1_3' title="bbox 106 1669 1309 1737">
    <p class='ocr_par' dir='ltr' id='par_1_17' title="bbox 106 1669 1309 1737">
     <span class='ocr_line' id='line_1_18' title="bbox 106 1669 1309 1737; baseline -0.002 -13"><span class='ocrx_word' id='word_1_150' title='bbox 106 1690 109 1695; x_wconf 94' lang='lat'><em>·</em></span> <span class='ocrx_word' id='word_1_151' title='bbox 223 1672 267 1724; x_wconf 92' lang='grc'><strong>82.</strong></span> <span class='ocrx_word' id='word_1_152' title='bbox 803 1669 936 1735; x_wconf 88' lang='lat' dir='ltr'><strong>equaliter</strong></span> <span class='ocrx_word' id='word_1_153' title='bbox 965 1669 1121 1737; x_wconf 88' lang='lat' dir='ltr'><strong>partiantur</strong></span> <span class='ocrx_word' id='word_1_154' title='bbox 1149 1672 1216 1737; x_wconf 79' lang='lat'><strong>1263</strong></span> <span class='ocrx_word' id='word_1_155' title='bbox 1249 1686 1309 1722; x_wconf 83' lang='lat' dir='ltr'><strong>san·</strong></span> 
     </span>
    </p>
   </div>
   <div class='ocr_carea' id='block_1_4' title="bbox 187 1738 1315 4012">
    <p class='ocr_par' dir='ltr' id='par_1_18' title="bbox 187 1738 1315 4012">
     <span class='ocr_line' id='line_1_19' title="bbox 187 1738 1306 1808; baseline 0.002 -16"><span class='ocrx_word' id='word_1_156' title='bbox 187 1740 358 1808; x_wconf 88' lang='lat' dir='ltr'><strong>proclamare</strong></span> <span class='ocrx_word' id='word_1_157' title='bbox 387 1741 433 1805; x_wconf 81' lang='grc' dir='ltr'><strong>1ος</strong></span> <span class='ocrx_word' id='word_1_158' title='bbox 464 1738 635 1806; x_wconf 79' lang='lat' dir='ltr'><strong>proclamans</strong></span> <span class='ocrx_word' id='word_1_159' title='bbox 664 1741 729 1805; x_wconf 76' lang='lat'><strong>1533</strong></span> <span class='ocrx_word' id='word_1_160' title='bbox 802 1740 892 1808; x_wconf 85' lang='lat' dir='ltr'><strong>guinis</strong></span> <span class='ocrx_word' id='word_1_161' title='bbox 922 1740 1111 1808; x_wconf 79' lang='lat' dir='ltr'><strong>propinquitas</strong></span> <span class='ocrx_word' id='word_1_162' title='bbox 1149 1743 1209 1796; x_wconf 91' lang='grc'><strong>112.</strong></span> <span class='ocrx_word' id='word_1_163' title='bbox 1246 1743 1306 1795; x_wconf 93' lang='grc'><strong>212.</strong></span> 
     </span>
     <span class='ocr_line' id='line_1_20' title="bbox 224 1809 864 1876; baseline -0.005 -13"><span class='ocrx_word' id='word_1_164' title='bbox 224 1828 252 1864; x_wconf 92' lang='grc'><strong>66</strong></span> <span class='ocrx_word' id='word_1_165' title='bbox 293 1810 322 1862; x_wconf 85' lang='grc'><strong>11</strong></span> <span class='ocrx_word' id='word_1_166' title='bbox 358 1810 526 1876; x_wconf 87' lang='lat' dir='ltr'><strong>libertatem,</strong></span> <span class='ocrx_word' id='word_1_167' title='bbox 564 1826 592 1862; x_wconf 91' lang='lat' dir='ltr'><strong>se</strong></span> <span class='ocrx_word' id='word_1_168' title='bbox 629 1809 730 1861; x_wconf 92' lang='lat' dir='ltr'><strong>liberos</strong></span> <span class='ocrx_word' id='word_1_169' title='bbox 802 1815 864 1866; x_wconf 81' lang='lat'>312.</span> 
     </span>
     <span class='ocr_line' id='line_1_21' title="bbox 223 1880 1312 1951; baseline 0 -17"><span class='ocrx_word' id='word_1_170' title='bbox 223 1882 423 1950; x_wconf 86' lang='lat' dir='ltr'><strong>proclamantes</strong></span> <span class='ocrx_word' id='word_1_171' title='bbox 455 1884 521 1946; x_wconf 81' lang='lat'>1693</span> <span class='ocrx_word' id='word_1_172' title='bbox 552 1883 599 1933; x_wconf 87' lang='lat' dir='ltr'><strong>aut</strong></span> <span class='ocrx_word' id='word_1_173' title='bbox 627 1880 661 1932; x_wconf 88' lang='lat' dir='ltr'><strong>ad</strong></span> <span class='ocrx_word' id='word_1_174' title='bbox 688 1897 730 1932; x_wconf 91' lang='lat' dir='ltr'><strong>re·</strong></span> <span class='ocrx_word' id='word_1_175' title='bbox 766 1882 944 1951; x_wconf 90' lang='lat' dir='ltr'><strong>propinquus,</strong></span> <span class='ocrx_word' id='word_1_176' title='bbox 971 1882 1134 1950; x_wconf 89' lang='lat' dir='ltr'><strong>propinqua,</strong></span> <span class='ocrx_word' id='word_1_177' title='bbox 1163 1881 1312 1950; x_wconf 90' lang='lat' dir='ltr'><strong>propinqui</strong></span> 
     </span>
     <span class='ocr_line' id='line_1_22' title="bbox 224 1950 1310 2023; baseline 0.002 -18"><span class='ocrx_word' id='word_1_178' title='bbox 224 1970 287 2023; x_wconf 85' lang='lat' dir='ltr'><strong>gem</strong></span> <span class='ocrx_word' id='word_1_179' title='bbox 305 1954 474 2021; x_wconf 86' lang='lat' dir='ltr'><strong>proclamare</strong></span> <span class='ocrx_word' id='word_1_180' title='bbox 493 1954 541 2005; x_wconf 90' lang='lat' dir='ltr'><strong>aut</strong></span> <span class='ocrx_word' id='word_1_181' title='bbox 559 1951 594 2004; x_wconf 92' lang='lat' dir='ltr'><strong>ad</strong></span> <span class='ocrx_word' id='word_1_182' title='bbox 611 1950 731 2004; x_wconf 87' lang='lat' dir='ltr'><strong>iudicem</strong></span> <span class='ocrx_word' id='word_1_183' title='bbox 803 1956 846 2008; x_wconf 87' lang='grc'><strong>94.</strong></span> <span class='ocrx_word' id='word_1_184' title='bbox 868 1957 927 2008; x_wconf 89' lang='grc'><strong>107.</strong></span> <span class='ocrx_word' id='word_1_185' title='bbox 948 1955 1007 2008; x_wconf 89' lang='grc'><strong>108.</strong></span> <span class='ocrx_word' id='word_1_186' title='bbox 1026 1956 1310 2008; x_wconf 91' lang='grc'><strong>112.116.119.167.</strong></span> 
     </span>
     <span class='ocr_line' id='line_1_23' title="bbox 224 2024 1311 2092; baseline -0.005 -12"><span class='ocrx_word' id='word_1_187' title='bbox 224 2027 285 2080; x_wconf 88' lang='grc'><strong>318.</strong></span> <span class='ocrx_word' id='word_1_188' title='bbox 803 2027 855 2078; x_wconf 91' lang='grc'><strong>201</strong></span> <span class='ocrx_word' id='word_1_189' title='bbox 872 2027 997 2090; x_wconf 60' lang='grc'><strong>6661166·</strong></span> <span class='ocrx_word' id='word_1_190' title='bbox 1015 2024 1163 2092; x_wconf 89' lang='lat' dir='ltr'><strong>propinqui</strong></span> <span class='ocrx_word' id='word_1_191' title='bbox 1179 2025 1247 2092; x_wconf 80' lang='lat' dir='ltr'><strong>(aut,</strong></span> <span class='ocrx_word' id='word_1_192' title='bbox 1259 2025 1311 2091; x_wconf 87' lang='lat' dir='ltr'><strong>vel)</strong></span> 
     </span>
     <span class='ocr_line' id='line_1_24' title="bbox 188 2095 1310 2164; baseline 0.001 -16"><span class='ocrx_word' id='word_1_193' title='bbox 188 2098 364 2164; x_wconf 89' lang='lat' dir='ltr'><strong>procurator:</strong></span> <span class='ocrx_word' id='word_1_194' title='bbox 380 2098 456 2147; x_wconf 90' lang='lat' dir='ltr'><strong>actor</strong></span> <span class='ocrx_word' id='word_1_195' title='bbox 467 2095 512 2147; x_wconf 91' lang='grc'><strong>161</strong></span> <span class='ocrx_word' id='word_1_196' title='bbox 524 2112 551 2162; x_wconf 93' lang='lat' dir='ltr'><strong>p.</strong></span> <span class='ocrx_word' id='word_1_197' title='bbox 564 2097 630 2159; x_wconf 76' lang='lat'><strong>2973</strong></span> <span class='ocrx_word' id='word_1_198' title='bbox 645 2097 730 2159; x_wconf 89' lang='lat' dir='ltr'><strong>actor,</strong></span> <span class='ocrx_word' id='word_1_199' title='bbox 803 2098 931 2162; x_wconf 90' lang='lat' dir='ltr'><strong>parentes</strong></span> <span class='ocrx_word' id='word_1_200' title='bbox 956 2099 997 2151; x_wconf 89' lang='lat'>19.</span> <span class='ocrx_word' id='word_1_201' title='bbox 1023 2099 1066 2151; x_wconf 93' lang='grc'><strong>88.</strong></span> <span class='ocrx_word' id='word_1_202' title='bbox 1093 2098 1136 2150; x_wconf 91' lang='grc'><strong>91.</strong></span> <span class='ocrx_word' id='word_1_203' title='bbox 1164 2099 1223 2150; x_wconf 87' lang='grc'><strong>127.</strong></span> <span class='ocrx_word' id='word_1_204' title='bbox 1249 2099 1310 2151; x_wconf 95' lang='grc'><strong>201.</strong></span> 
     </span>
     <span class='ocr_line' id='line_1_25' title="bbox 224 2163 1310 2235; baseline 0 -14"><span class='ocrx_word' id='word_1_205' title='bbox 224 2184 251 2235; x_wconf 93' lang='lat' dir='ltr'>p.</span> <span class='ocrx_word' id='word_1_206' title='bbox 288 2169 357 2233; x_wconf 78' lang='lat'><strong>2283</strong></span> <span class='ocrx_word' id='word_1_207' title='bbox 401 2170 477 2218; x_wconf 88' lang='lat' dir='ltr'><strong>actor</strong></span> <span class='ocrx_word' id='word_1_208' title='bbox 518 2165 573 2218; x_wconf 80' lang='lat' dir='ltr'><strong>sive</strong></span> <span class='ocrx_word' id='word_1_209' title='bbox 614 2183 641 2233; x_wconf 93' lang='lat' dir='ltr'><strong>p.</strong></span> <span class='ocrx_word' id='word_1_210' title='bbox 678 2163 732 2217; x_wconf 93' lang='lat' dir='ltr'><strong>loci</strong></span> <span class='ocrx_word' id='word_1_211' title='bbox 803 2169 872 2232; x_wconf 80' lang='lat'>2663</span> <span class='ocrx_word' id='word_1_212' title='bbox 896 2164 945 2218; x_wconf 91' lang='lat' dir='ltr'><strong>filii</strong></span> <span class='ocrx_word' id='word_1_213' title='bbox 970 2170 1017 2218; x_wconf 91' lang='lat' dir='ltr'><strong>aut</strong></span> <span class='ocrx_word' id='word_1_214' title='bbox 1034 2166 1103 2235; x_wconf 80' lang='lat' dir='ltr'><strong>(seu)</strong></span> <span class='ocrx_word' id='word_1_215' title='bbox 1121 2184 1148 2234; x_wconf 93' lang='lat' dir='ltr'><strong>p.</strong></span> <span class='ocrx_word' id='word_1_216' title='bbox 1170 2169 1230 2221; x_wconf 88' lang='lat'>114.</span> <span class='ocrx_word' id='word_1_217' title='bbox 1251 2169 1310 2221; x_wconf 83' lang='lat'>167.</span> 
     </span>
     <span class='ocr_line' id='line_1_26' title="bbox 227 2237 1309 2304; baseline -0.001 -11"><span class='ocrx_word' id='word_1_218' title='bbox 227 2241 286 2293; x_wconf 93' lang='grc'><strong>182.</strong></span> <span class='ocrx_word' id='word_1_219' title='bbox 805 2240 872 2302; x_wconf 82' lang='lat'>1993</span> <span class='ocrx_word' id='word_1_220' title='bbox 897 2254 925 2304; x_wconf 92' lang='lat' dir='ltr'><strong>p.</strong></span> <span class='ocrx_word' id='word_1_221' title='bbox 943 2237 1058 2290; x_wconf 87' lang='lat' dir='ltr'><strong>heredes</strong></span> <span class='ocrx_word' id='word_1_222' title='bbox 1078 2241 1137 2293; x_wconf 85' lang='lat'>115.</span> <span class='ocrx_word' id='word_1_223' title='bbox 1158 2241 1218 2293; x_wconf 94' lang='grc'><strong>119.</strong></span> <span class='ocrx_word' id='word_1_224' title='bbox 1245 2241 1309 2302; x_wconf 74' lang='lat'>2013</span> 
     </span>
     <span class='ocr_line' id='line_1_27' title="bbox 189 2305 1109 2377; baseline 0.001 -16"><span class='ocrx_word' id='word_1_225' title='bbox 189 2308 329 2377; x_wconf 89' lang='lat' dir='ltr'><strong>profectus</strong></span> <span class='ocrx_word' id='word_1_226' title='bbox 348 2311 504 2375; x_wconf 88' lang='lat' dir='ltr'><strong>comparate</strong></span> <span class='ocrx_word' id='word_1_227' title='bbox 523 2305 563 2360; x_wconf 92' lang='lat' dir='ltr'><strong>rei</strong></span> <span class='ocrx_word' id='word_1_228' title='bbox 580 2309 606 2361; x_wconf 88' lang='lat'><strong>8.</strong></span> <span class='ocrx_word' id='word_1_229' title='bbox 627 2309 686 2362; x_wconf 77' lang='lat'>153.</span> <span class='ocrx_word' id='word_1_230' title='bbox 803 2308 918 2361; x_wconf 91' lang='lat' dir='ltr'><strong>heredes</strong></span> <span class='ocrx_word' id='word_1_231' title='bbox 936 2309 981 2360; x_wconf 88' lang='grc'><strong>161</strong></span> <span class='ocrx_word' id='word_1_232' title='bbox 999 2326 1026 2376; x_wconf 90' lang='lat' dir='ltr'><strong>p.</strong></span> <span class='ocrx_word' id='word_1_233' title='bbox 1048 2312 1109 2364; x_wconf 88' lang='lat'>311.</span> 
     </span>
     <span class='ocr_line' id='line_1_28' title="bbox 189 2377 1309 2449; baseline 0.004 -19"><span class='ocrx_word' id='word_1_234' title='bbox 189 2379 326 2446; x_wconf 89' lang='lat' dir='ltr'><strong>proferre:</strong></span> <span class='ocrx_word' id='word_1_235' title='bbox 347 2377 421 2444; x_wconf 92' lang='lat' dir='ltr'><strong>quod</strong></span> <span class='ocrx_word' id='word_1_236' title='bbox 433 2377 504 2430; x_wconf 86' lang='lat' dir='ltr'><strong>servi</strong></span> <span class='ocrx_word' id='word_1_237' title='bbox 524 2377 569 2447; x_wconf 83' lang='lat' dir='ltr'><strong>(de</strong></span> <span class='ocrx_word' id='word_1_238' title='bbox 581 2377 732 2430; x_wconf 86' lang='lat' dir='ltr'><strong>volumtate</strong></span> <span class='ocrx_word' id='word_1_239' title='bbox 767 2396 922 2448; x_wconf 93' lang='lat' dir='ltr'><strong>proponere</strong></span> <span class='ocrx_word' id='word_1_240' title='bbox 942 2382 990 2445; x_wconf 82' lang='lat'><strong>663</strong></span> <span class='ocrx_word' id='word_1_241' title='bbox 1010 2397 1037 2447; x_wconf 91' lang='lat' dir='ltr'><strong>p.</strong></span> <span class='ocrx_word' id='word_1_242' title='bbox 1050 2379 1192 2449; x_wconf 84' lang='lat' dir='ltr'><strong>negotium</strong></span> <span class='ocrx_word' id='word_1_243' title='bbox 1206 2383 1250 2434; x_wconf 83' lang='lat'><strong>65.</strong></span> <span class='ocrx_word' id='word_1_244' title='bbox 1264 2383 1309 2444; x_wconf 82' lang='grc'><strong>69;</strong></span> 
     </span>
     <span class='ocr_line' id='line_1_29' title="bbox 225 2447 1311 2519; baseline 0.002 -18"><span class='ocrx_word' id='word_1_245' title='bbox 225 2449 377 2514; x_wconf 87' lang='lat' dir='ltr'><strong>morientis)</strong></span> <span class='ocrx_word' id='word_1_246' title='bbox 393 2447 566 2514; x_wconf 88' lang='lat' dir='ltr'><strong>protulerint,</strong></span> <span class='ocrx_word' id='word_1_247' title='bbox 579 2449 731 2500; x_wconf 87' lang='lat' dir='ltr'><strong>conscribe·</strong></span> <span class='ocrx_word' id='word_1_248' title='bbox 805 2450 1005 2503; x_wconf 89' lang='lat' dir='ltr'><strong>accusationem</strong></span> <span class='ocrx_word' id='word_1_249' title='bbox 1021 2469 1048 2519; x_wconf 94' lang='lat' dir='ltr'><strong>p.</strong></span> <span class='ocrx_word' id='word_1_250' title='bbox 1063 2453 1129 2516; x_wconf 73' lang='lat'><strong>1183</strong></span> <span class='ocrx_word' id='word_1_251' title='bbox 1148 2454 1196 2502; x_wconf 92' lang='lat' dir='ltr'><strong>aut</strong></span> <span class='ocrx_word' id='word_1_252' title='bbox 1214 2468 1265 2518; x_wconf 90' lang='lat' dir='ltr'><strong>per</strong></span> <span class='ocrx_word' id='word_1_253' title='bbox 1283 2467 1311 2503; x_wconf 90' lang='lat' dir='ltr'><strong>se</strong></span> 
     </span>
     <span class='ocr_line' id='line_1_30' title="bbox 226 2518 1311 2589; baseline 0.001 -17"><span class='ocrx_word' id='word_1_254' title='bbox 226 2522 273 2572; x_wconf 90' lang='lat' dir='ltr'><strong>tur</strong></span> <span class='ocrx_word' id='word_1_255' title='bbox 293 2522 343 2587; x_wconf 79' lang='lat'><strong>833</strong></span> <span class='ocrx_word' id='word_1_256' title='bbox 369 2523 452 2570; x_wconf 88' lang='grc'><strong>166166</strong></span> <span class='ocrx_word' id='word_1_257' title='bbox 477 2518 601 2586; x_wconf 88' lang='lat' dir='ltr'><strong>proferre</strong></span> <span class='ocrx_word' id='word_1_258' title='bbox 626 2521 669 2574; x_wconf 80' lang='lat'><strong>54.</strong></span> <span class='ocrx_word' id='word_1_259' title='bbox 689 2522 731 2573; x_wconf 90' lang='grc'><strong>72.</strong></span> <span class='ocrx_word' id='word_1_260' title='bbox 803 2539 831 2589; x_wconf 93' lang='lat' dir='ltr'><strong>p.</strong></span> <span class='ocrx_word' id='word_1_261' title='bbox 856 2522 992 2574; x_wconf 89' lang='lat' dir='ltr'><strong>actionem</strong></span> <span class='ocrx_word' id='word_1_262' title='bbox 1017 2524 1065 2574; x_wconf 88' lang='lat' dir='ltr'><strong>aut</strong></span> <span class='ocrx_word' id='word_1_263' title='bbox 1090 2521 1171 2573; x_wconf 87' lang='lat' dir='ltr'><strong>alicui</strong></span> <span class='ocrx_word' id='word_1_264' title='bbox 1195 2521 1311 2574; x_wconf 73' lang='lat' dir='ltr'><strong>conmit</strong></span> 
     </span>
     <span class='ocr_line' id='line_1_31' title="bbox 228 2589 1157 2662; baseline 0.008 -21"><span class='ocrx_word' id='word_1_265' title='bbox 228 2594 277 2658; x_wconf 76' lang='lat'><strong>763</strong></span> <span class='ocrx_word' id='word_1_266' title='bbox 299 2589 461 2657; x_wconf 88' lang='lat' dir='ltr'><strong>scripturam</strong></span> <span class='ocrx_word' id='word_1_267' title='bbox 480 2589 519 2655; x_wconf 79' lang='lat' dir='ltr'><strong>(in</strong></span> <span class='ocrx_word' id='word_1_268' title='bbox 538 2589 685 2655; x_wconf 81' lang='lat' dir='ltr'><strong>audientia,</strong></span> <span class='ocrx_word' id='word_1_269' title='bbox 703 2589 732 2640; x_wconf 94' lang='lat' dir='ltr'><strong>in</strong></span> <span class='ocrx_word' id='word_1_270' title='bbox 803 2597 872 2657; x_wconf 87' lang='lat' dir='ltr'><strong>tere,</strong></span> <span class='ocrx_word' id='word_1_271' title='bbox 890 2593 1032 2662; x_wconf 90' lang='lat' dir='ltr'><strong>iniungere</strong></span> <span class='ocrx_word' id='word_1_272' title='bbox 1052 2596 1094 2648; x_wconf 88' lang='lat'>68.</span> <span class='ocrx_word' id='word_1_273' title='bbox 1114 2596 1157 2647; x_wconf 94' lang='grc'><strong>71.</strong></span> 
     </span>
     <span class='ocr_line' id='line_1_32' title="bbox 226 2658 981 2732; baseline 0.008 -19"><span class='ocrx_word' id='word_1_274' title='bbox 226 2661 338 2728; x_wconf 88' lang='lat' dir='ltr'><strong>iudicio)</strong></span> <span class='ocrx_word' id='word_1_275' title='bbox 366 2658 490 2728; x_wconf 90' lang='lat' dir='ltr'><strong>proferre</strong></span> <span class='ocrx_word' id='word_1_276' title='bbox 520 2663 636 2716; x_wconf 84' lang='lat'>83-86.</span> <span class='ocrx_word' id='word_1_277' title='bbox 663 2664 732 2726; x_wconf 77' lang='lat'><strong>2193</strong></span> <span class='ocrx_word' id='word_1_278' title='bbox 768 2664 919 2732; x_wconf 88' lang='lat' dir='ltr'><strong>propositio</strong></span> <span class='ocrx_word' id='word_1_279' title='bbox 938 2667 981 2719; x_wconf 90' lang='grc'><strong>66.</strong></span> 
     </span>
     <span class='ocr_line' id='line_1_33' title="bbox 227 2731 1311 2803; baseline 0.005 -18"><span class='ocrx_word' id='word_1_280' title='bbox 227 2733 295 2802; x_wconf 89' lang='lat' dir='ltr'><strong>legis</strong></span> <span class='ocrx_word' id='word_1_281' title='bbox 313 2733 420 2800; x_wconf 86' lang='lat' dir='ltr'><strong>prolata</strong></span> <span class='ocrx_word' id='word_1_282' title='bbox 438 2731 573 2785; x_wconf 86' lang='lat' dir='ltr'><strong>sententia</strong></span> <span class='ocrx_word' id='word_1_283' title='bbox 590 2736 651 2787; x_wconf 87' lang='lat'>309.</span> <span class='ocrx_word' id='word_1_284' title='bbox 768 2735 922 2803; x_wconf 88' lang='lat' dir='ltr'><strong>proprietas</strong></span> <span class='ocrx_word' id='word_1_285' title='bbox 947 2738 1012 2800; x_wconf 76' lang='lat'><strong>3073</strong></span> <span class='ocrx_word' id='word_1_286' title='bbox 1038 2752 1065 2802; x_wconf 93' lang='lat' dir='ltr'><strong>p.</strong></span> <span class='ocrx_word' id='word_1_287' title='bbox 1084 2732 1165 2786; x_wconf 92' lang='lat' dir='ltr'><strong>fundi</strong></span> <span class='ocrx_word' id='word_1_288' title='bbox 1190 2738 1251 2789; x_wconf 93' lang='grc'><strong>290.</strong></span> <span class='ocrx_word' id='word_1_289' title='bbox 1278 2764 1311 2772; x_wconf 89' lang='grc'>-</span> 
     </span>
     <span class='ocr_line' id='line_1_34' title="bbox 191 2802 1312 2874; baseline -0.001 -17"><span class='ocrx_word' id='word_1_290' title='bbox 191 2803 324 2873; x_wconf 88' lang='lat' dir='ltr'><strong>professio</strong></span> <span class='ocrx_word' id='word_1_291' title='bbox 349 2805 489 2859; x_wconf 84' lang='grc'><strong>166176.</strong></span> <span class='ocrx_word' id='word_1_292' title='bbox 512 2807 578 2869; x_wconf 62' lang='grc'><strong>2201</strong></span> <span class='ocrx_word' id='word_1_293' title='bbox 604 2821 631 2871; x_wconf 83' lang='lat' dir='ltr'><strong>p.</strong></span> <span class='ocrx_word' id='word_1_294' title='bbox 657 2802 732 2855; x_wconf 90' lang='lat' dir='ltr'><strong>testi·</strong></span> <span class='ocrx_word' id='word_1_295' title='bbox 804 2807 828 2858; x_wconf 91' lang='lat' dir='ltr'><strong>si</strong></span> <span class='ocrx_word' id='word_1_296' title='bbox 852 2806 946 2859; x_wconf 92' lang='lat' dir='ltr'><strong>iudicii</strong></span> <span class='ocrx_word' id='word_1_297' title='bbox 973 2805 1126 2874; x_wconf 86' lang='lat' dir='ltr'><strong>proprietas</strong></span> <span class='ocrx_word' id='word_1_298' title='bbox 1153 2805 1312 2858; x_wconf 87' lang='lat' dir='ltr'><strong>adtenditur</strong></span> 
     </span>
     <span class='ocr_line' id='line_1_35' title="bbox 226 2874 866 2943; baseline -0.003 -15"><span class='ocrx_word' id='word_1_299' title='bbox 226 2875 278 2928; x_wconf 92' lang='lat' dir='ltr'><strong>bus</strong></span> <span class='ocrx_word' id='word_1_300' title='bbox 300 2875 430 2928; x_wconf 86' lang='lat' dir='ltr'><strong>roborata</strong></span> <span class='ocrx_word' id='word_1_301' title='bbox 447 2875 554 2943; x_wconf 88' lang='lat' dir='ltr'><strong>perdite</strong></span> <span class='ocrx_word' id='word_1_302' title='bbox 573 2874 733 2927; x_wconf 84' lang='grc'><strong>6111111616</strong></span> <span class='ocrx_word' id='word_1_303' title='bbox 804 2880 866 2933; x_wconf 79' lang='lat'>296,</span> 
     </span>
     <span class='ocr_line' id='line_1_36' title="bbox 228 2946 1310 3017; baseline 0.002 -18"><span class='ocrx_word' id='word_1_304' title='bbox 228 2947 362 3015; x_wconf 89' lang='lat' dir='ltr'><strong>scripture</strong></span> <span class='ocrx_word' id='word_1_305' title='bbox 380 2947 463 2999; x_wconf 91' lang='lat' dir='ltr'><strong>robor</strong></span> <span class='ocrx_word' id='word_1_306' title='bbox 481 2946 604 2999; x_wconf 88' lang='lat' dir='ltr'><strong>obtineat</strong></span> <span class='ocrx_word' id='word_1_307' title='bbox 622 2949 683 3000; x_wconf 92' lang='grc'><strong>220.</strong></span> <span class='ocrx_word' id='word_1_308' title='bbox 768 2948 896 3017; x_wconf 91' lang='lat' dir='ltr'><strong>proprius</strong></span> <span class='ocrx_word' id='word_1_309' title='bbox 921 2965 1022 3014; x_wconf 69' lang='grc'><strong>61191.</strong></span> <span class='ocrx_word' id='word_1_310' title='bbox 1048 2965 1075 3016; x_wconf 92' lang='lat' dir='ltr'><strong>p.</strong></span> <span class='ocrx_word' id='word_1_311' title='bbox 1098 2947 1225 3000; x_wconf 89' lang='lat' dir='ltr'><strong>dominus</strong></span> <span class='ocrx_word' id='word_1_312' title='bbox 1252 2950 1310 3003; x_wconf 90' lang='lat'>196.</span> 
     </span>
     <span class='ocr_line' id='line_1_37' title="bbox 191 3015 1313 3087; baseline 0 -17"><span class='ocrx_word' id='word_1_313' title='bbox 191 3017 328 3087; x_wconf 87' lang='lat' dir='ltr'><strong>profiteri:</strong></span> <span class='ocrx_word' id='word_1_314' title='bbox 355 3035 418 3085; x_wconf 90' lang='lat' dir='ltr'><strong>pars</strong></span> <span class='ocrx_word' id='word_1_315' title='bbox 439 3017 561 3085; x_wconf 90' lang='lat' dir='ltr'><strong>professa</strong></span> <span class='ocrx_word' id='word_1_316' title='bbox 580 3021 647 3084; x_wconf 91' lang='lat' dir='ltr'><strong>aput</strong></span> <span class='ocrx_word' id='word_1_317' title='bbox 664 3015 733 3068; x_wconf 90' lang='lat' dir='ltr'><strong>iudi·</strong></span> <span class='ocrx_word' id='word_1_318' title='bbox 805 3023 858 3074; x_wconf 77' lang='lat'><strong>267</strong></span> <span class='ocrx_word' id='word_1_319' title='bbox 864 3040 871 3085; x_wconf 83' lang='lat'><em>3</em></span> <span class='ocrx_word' id='word_1_320' title='bbox 898 3036 925 3086; x_wconf 92' lang='lat' dir='ltr'><strong>p.</strong></span> <span class='ocrx_word' id='word_1_321' title='bbox 954 3035 1047 3071; x_wconf 89' lang='lat' dir='ltr'><strong>servus</strong></span> <span class='ocrx_word' id='word_1_322' title='bbox 1073 3022 1142 3084; x_wconf 79' lang='lat'>2643</span> <span class='ocrx_word' id='word_1_323' title='bbox 1169 3018 1313 3087; x_wconf 90' lang='lat' dir='ltr'><strong>proprium</strong></span> 
     </span>
     <span class='ocr_line' id='line_1_38' title="bbox 228 3087 1312 3158; baseline -0.001 -16"><span class='ocrx_word' id='word_1_324' title='bbox 228 3106 288 3142; x_wconf 92' lang='lat' dir='ltr'><strong>cem</strong></span> <span class='ocrx_word' id='word_1_325' title='bbox 311 3093 346 3144; x_wconf 81' lang='lat'><strong>63</strong></span> <span class='ocrx_word' id='word_1_326' title='bbox 359 3106 397 3155; x_wconf 82' lang='lat' dir='ltr'><strong>eq.</strong></span> <span class='ocrx_word' id='word_1_327' title='bbox 420 3119 455 3127; x_wconf 87' lang='lat'>—</span> <span class='ocrx_word' id='word_1_328' title='bbox 480 3087 676 3140; x_wconf 87' lang='lat' dir='ltr'><strong>continentiam</strong></span> <span class='ocrx_word' id='word_1_329' title='bbox 694 3087 733 3138; x_wconf 86' lang='lat' dir='ltr'><strong>vi-</strong></span> <span class='ocrx_word' id='word_1_330' title='bbox 805 3091 847 3142; x_wconf 93' lang='lat' dir='ltr'><strong>ius</strong></span> <span class='ocrx_word' id='word_1_331' title='bbox 861 3093 920 3145; x_wconf 87' lang='lat'>146.</span> <span class='ocrx_word' id='word_1_332' title='bbox 934 3093 999 3158; x_wconf 85' lang='grc'><strong>285;</strong></span> <span class='ocrx_word' id='word_1_333' title='bbox 1017 3089 1226 3158; x_wconf 85' lang='lat' dir='ltr'><strong>(mandatarius)</strong></span> <span class='ocrx_word' id='word_1_334' title='bbox 1236 3089 1312 3142; x_wconf 86' lang='lat' dir='ltr'><strong>velut</strong></span> 
     </span>
     <span class='ocr_line' id='line_1_39' title="bbox 228 3159 1312 3229; baseline -0.001 -16"><span class='ocrx_word' id='word_1_335' title='bbox 228 3160 339 3213; x_wconf 89' lang='lat' dir='ltr'><strong>duitatis</strong></span> <span class='ocrx_word' id='word_1_336' title='bbox 357 3177 420 3212; x_wconf 90' lang='lat' dir='ltr'><strong>cum</strong></span> <span class='ocrx_word' id='word_1_337' title='bbox 437 3159 628 3213; x_wconf 90' lang='lat' dir='ltr'><strong>benedictione</strong></span> <span class='ocrx_word' id='word_1_338' title='bbox 647 3175 733 3211; x_wconf 88' lang='lat' dir='ltr'><strong>sacer·</strong></span> <span class='ocrx_word' id='word_1_339' title='bbox 805 3161 910 3229; x_wconf 87' lang='lat' dir='ltr'><strong>proprii</strong></span> <span class='ocrx_word' id='word_1_340' title='bbox 928 3161 995 3213; x_wconf 88' lang='lat' dir='ltr'><strong>iuris</strong></span> <span class='ocrx_word' id='word_1_341' title='bbox 1014 3160 1140 3213; x_wconf 93' lang='lat' dir='ltr'><strong>dominus</strong></span> <span class='ocrx_word' id='word_1_342' title='bbox 1159 3164 1209 3228; x_wconf 89' lang='lat'><strong>68;</strong></span> <span class='ocrx_word' id='word_1_343' title='bbox 1228 3176 1312 3212; x_wconf 90' lang='lat' dir='ltr'><strong>manu</strong></span> 
     </span>
     <span class='ocr_line' id='line_1_40' title="bbox 228 3229 1314 3300; baseline -0.001 -16"><span class='ocrx_word' id='word_1_344' title='bbox 228 3231 299 3284; x_wconf 89' lang='lat' dir='ltr'><strong>dotis</strong></span> <span class='ocrx_word' id='word_1_345' title='bbox 317 3229 477 3298; x_wconf 88' lang='lat' dir='ltr'><strong>profitentes</strong></span> <span class='ocrx_word' id='word_1_346' title='bbox 497 3234 556 3286; x_wconf 95' lang='grc'><strong>113.</strong></span> <span class='ocrx_word' id='word_1_347' title='bbox 805 3232 918 3300; x_wconf 89' lang='lat' dir='ltr'><strong>propria</strong></span> <span class='ocrx_word' id='word_1_348' title='bbox 936 3231 1054 3285; x_wconf 88' lang='lat' dir='ltr'><strong>scribere</strong></span> <span class='ocrx_word' id='word_1_349' title='bbox 1071 3235 1122 3300; x_wconf 81' lang='lat'><strong>843</strong></span> <span class='ocrx_word' id='word_1_350' title='bbox 1141 3232 1261 3299; x_wconf 88' lang='lat' dir='ltr'><strong>aliquem</strong></span> <span class='ocrx_word' id='word_1_351' title='bbox 1280 3248 1314 3283; x_wconf 86' lang='lat' dir='ltr'><strong>ex</strong></span> 
     </span>
     <span class='ocr_line' id='line_1_41' title="bbox 191 3302 1314 3372; baseline 0 -17"><span class='ocrx_word' id='word_1_352' title='bbox 191 3302 338 3371; x_wconf 88' lang='lat' dir='ltr'><strong>profligare</strong></span> <span class='ocrx_word' id='word_1_353' title='bbox 356 3304 399 3356; x_wconf 90' lang='grc'><strong>97.</strong></span> <span class='ocrx_word' id='word_1_354' title='bbox 418 3305 479 3357; x_wconf 92' lang='grc'><strong>282.</strong></span> <span class='ocrx_word' id='word_1_355' title='bbox 805 3303 957 3371; x_wconf 81' lang='lat' dir='ltr'><strong>peregrinis</strong></span> <span class='ocrx_word' id='word_1_356' title='bbox 985 3303 1019 3355; x_wconf 91' lang='lat' dir='ltr'><strong>ad</strong></span> <span class='ocrx_word' id='word_1_357' title='bbox 1046 3303 1158 3372; x_wconf 87' lang='lat' dir='ltr'><strong>propria</strong></span> <span class='ocrx_word' id='word_1_358' title='bbox 1184 3319 1314 3356; x_wconf 88' lang='lat' dir='ltr'><strong>revocare</strong></span> 
     </span>
     <span class='ocr_line' id='line_1_42' title="bbox 191 3373 867 3442; baseline 0.003 -16"><span class='ocrx_word' id='word_1_359' title='bbox 191 3373 396 3442; x_wconf 88' lang='lat' dir='ltr'><strong>profligationes</strong></span> <span class='ocrx_word' id='word_1_360' title='bbox 415 3376 457 3428; x_wconf 88' lang='lat'><strong>93.</strong></span> <span class='ocrx_word' id='word_1_361' title='bbox 478 3376 538 3428; x_wconf 87' lang='grc'><strong>129.</strong></span> <span class='ocrx_word' id='word_1_362' title='bbox 806 3379 867 3430; x_wconf 81' lang='grc'><strong>215.</strong></span> 
     </span>
     <span class='ocr_line' id='line_1_43' title="bbox 191 3444 958 3514; baseline 0.004 -17"><span class='ocrx_word' id='word_1_363' title='bbox 191 3444 301 3513; x_wconf 86' lang='lat' dir='ltr'><strong>profugi</strong></span> <span class='ocrx_word' id='word_1_364' title='bbox 318 3448 362 3499; x_wconf 92' lang='lat'><strong>41.</strong></span> <span class='ocrx_word' id='word_1_365' title='bbox 770 3445 898 3514; x_wconf 89' lang='lat' dir='ltr'><strong>prosapia</strong></span> <span class='ocrx_word' id='word_1_366' title='bbox 915 3448 958 3500; x_wconf 91' lang='grc'><strong>87.</strong></span> 
     </span>
     <span class='ocr_line' id='line_1_44' title="bbox 191 3513 1134 3585; baseline 0.004 -18"><span class='ocrx_word' id='word_1_367' title='bbox 191 3516 315 3585; x_wconf 88' lang='lat' dir='ltr'><strong>proicere</strong></span> <span class='ocrx_word' id='word_1_368' title='bbox 335 3541 367 3558; x_wconf 95' lang='lat'><strong><em>=</em></strong></span> <span class='ocrx_word' id='word_1_369' title='bbox 387 3531 533 3581; x_wconf 72' lang='lat' dir='ltr'><strong>exponere:</strong></span> <span class='ocrx_word' id='word_1_370' title='bbox 555 3513 733 3583; x_wconf 89' lang='lat' dir='ltr'><strong>infantemp.</strong></span> <span class='ocrx_word' id='word_1_371' title='bbox 770 3520 931 3585; x_wconf 88' lang='lat' dir='ltr'><strong>prosecutor</strong></span> <span class='ocrx_word' id='word_1_372' title='bbox 948 3519 991 3572; x_wconf 92' lang='lat'><strong>49.</strong></span> <span class='ocrx_word' id='word_1_373' title='bbox 1012 3519 1054 3572; x_wconf 85' lang='grc'><strong>69.</strong></span> <span class='ocrx_word' id='word_1_374' title='bbox 1075 3519 1134 3572; x_wconf 87' lang='grc'><strong>108.</strong></span> 
     </span>
     <span class='ocr_line' id='line_1_45' title="bbox 229 3587 1314 3656; baseline -0.002 -15"><span class='ocrx_word' id='word_1_375' title='bbox 229 3590 288 3642; x_wconf 90' lang='grc'><strong>137.</strong></span> <span class='ocrx_word' id='word_1_376' title='bbox 770 3588 913 3656; x_wconf 90' lang='lat' dir='ltr'><strong>prosequi:</strong></span> <span class='ocrx_word' id='word_1_377' title='bbox 933 3587 1068 3640; x_wconf 92' lang='lat' dir='ltr'><strong>actionem</strong></span> <span class='ocrx_word' id='word_1_378' title='bbox 1085 3604 1136 3655; x_wconf 92' lang='lat' dir='ltr'><strong>per</strong></span> <span class='ocrx_word' id='word_1_379' title='bbox 1153 3587 1314 3640; x_wconf 89' lang='lat' dir='ltr'><strong>mandatum</strong></span> 
     </span>
     <span class='ocr_line' id='line_1_46' title="bbox 191 3656 1314 3728; baseline -0.001 -18"><span class='ocrx_word' id='word_1_380' title='bbox 191 3658 314 3726; x_wconf 91' lang='lat' dir='ltr'><strong>prolator</strong></span> <span class='ocrx_word' id='word_1_381' title='bbox 330 3657 503 3725; x_wconf 87' lang='lat' dir='ltr'><strong>(scripturae)</strong></span> <span class='ocrx_word' id='word_1_382' title='bbox 517 3656 608 3709; x_wconf 86' lang='lat' dir='ltr'><strong>iurare</strong></span> <span class='ocrx_word' id='word_1_383' title='bbox 620 3659 735 3724; x_wconf 81' lang='lat' dir='ltr'><strong>cogatur</strong></span> <span class='ocrx_word' id='word_1_384' title='bbox 806 3659 949 3728; x_wconf 88' lang='lat' dir='ltr'><strong>iniungere</strong></span> <span class='ocrx_word' id='word_1_385' title='bbox 960 3658 1180 3726; x_wconf 88' lang='lat' dir='ltr'><strong>prosequendam</strong></span> <span class='ocrx_word' id='word_1_386' title='bbox 1191 3661 1237 3726; x_wconf 85' lang='grc'><strong>71;</strong></span> <span class='ocrx_word' id='word_1_387' title='bbox 1252 3675 1314 3710; x_wconf 89' lang='lat' dir='ltr'><strong>cau-</strong></span> 
     </span>
     <span class='ocr_line' id='line_1_47' title="bbox 227 3729 1313 3797; baseline 0.001 -14"><span class='ocrx_word' id='word_1_388' title='bbox 227 3732 271 3784; x_wconf 88' lang='lat'><strong>84.</strong></span> <span class='ocrx_word' id='word_1_389' title='bbox 808 3746 864 3782; x_wconf 90' lang='lat' dir='ltr'><strong>sam</strong></span> <span class='ocrx_word' id='word_1_390' title='bbox 888 3729 1016 3797; x_wconf 90' lang='lat' dir='ltr'><strong>prosequi</strong></span> <span class='ocrx_word' id='word_1_391' title='bbox 1038 3730 1096 3782; x_wconf 91' lang='lat' dir='ltr'><strong>sine</strong></span> <span class='ocrx_word' id='word_1_392' title='bbox 1114 3730 1244 3782; x_wconf 89' lang='lat' dir='ltr'><strong>mandato</strong></span> <span class='ocrx_word' id='word_1_393' title='bbox 1264 3732 1313 3795; x_wconf 90' lang='grc'><strong>69;</strong></span> 
     </span>
     <span class='ocr_line' id='line_1_48' title="bbox 191 3801 1313 3870; baseline 0.003 -20"><span class='ocrx_word' id='word_1_394' title='bbox 191 3801 282 3867; x_wconf 89' lang='lat' dir='ltr'><strong>proles</strong></span> <span class='ocrx_word' id='word_1_395' title='bbox 303 3801 362 3852; x_wconf 89' lang='grc'><strong>142.</strong></span> <span class='ocrx_word' id='word_1_396' title='bbox 806 3801 919 3870; x_wconf 90' lang='lat' dir='ltr'><strong>negotia</strong></span> <span class='ocrx_word' id='word_1_397' title='bbox 940 3818 991 3868; x_wconf 91' lang='lat' dir='ltr'><strong>per</strong></span> <span class='ocrx_word' id='word_1_398' title='bbox 1009 3817 1037 3853; x_wconf 90' lang='lat' dir='ltr'><strong>se</strong></span> <span class='ocrx_word' id='word_1_399' title='bbox 1055 3818 1091 3868; x_wconf 91' lang='lat' dir='ltr'><strong>p.,</strong></span> <span class='ocrx_word' id='word_1_400' title='bbox 1117 3801 1200 3854; x_wconf 88' lang='lat' dir='ltr'><strong>alicui</strong></span> <span class='ocrx_word' id='word_1_401' title='bbox 1220 3817 1313 3868; x_wconf 90' lang='lat' dir='ltr'><strong>prose·</strong></span> 
     </span>
     <span class='ocr_line' id='line_1_49' title="bbox 191 3869 1314 3939; baseline 0.002 -17"><span class='ocrx_word' id='word_1_402' title='bbox 191 3869 366 3939; x_wconf 83' lang='lat' dir='ltr'><strong>prolongatio</strong></span> <span class='ocrx_word' id='word_1_403' title='bbox 385 3871 429 3924; x_wconf 89' lang='grc'><strong>89.</strong></span> <span class='ocrx_word' id='word_1_404' title='bbox 807 3871 917 3938; x_wconf 89' lang='lat' dir='ltr'><strong>quenda</strong></span> <span class='ocrx_word' id='word_1_405' title='bbox 941 3871 1124 3925; x_wconf 89' lang='lat' dir='ltr'><strong>conmendare</strong></span> <span class='ocrx_word' id='word_1_406' title='bbox 1149 3873 1200 3939; x_wconf 78' lang='lat' dir='ltr'>e&#39;b.;</span> <span class='ocrx_word' id='word_1_407' title='bbox 1225 3890 1248 3924; x_wconf 84' lang='grc'><strong>1.</strong></span> <span class='ocrx_word' id='word_1_408' title='bbox 1268 3888 1314 3924; x_wconf 73' lang='lat' dir='ltr'><strong>ne</strong></span> 
     </span>
     <span class='ocr_line' id='line_1_50' title="bbox 192 3938 1315 4012; baseline 0.002 -19"><span class='ocrx_word' id='word_1_409' title='bbox 192 3956 364 4011; x_wconf 87' lang='lat' dir='ltr'><strong>promerere:</strong></span> <span class='ocrx_word' id='word_1_410' title='bbox 391 3939 425 3992; x_wconf 90' lang='lat' dir='ltr'><strong>da</strong></span> <span class='ocrx_word' id='word_1_411' title='bbox 450 3938 589 4007; x_wconf 85' lang='lat' dir='ltr'><strong>principis,</strong></span> <span class='ocrx_word' id='word_1_412' title='bbox 616 3940 734 4007; x_wconf 88' lang='lat' dir='ltr'><strong>patroni,</strong></span> <span class='ocrx_word' id='word_1_413' title='bbox 807 3943 921 4012; x_wconf 89' lang='lat' dir='ltr'><strong>gotium.</strong></span> <span class='ocrx_word' id='word_1_414' title='bbox 951 3973 984 3981; x_wconf 90' lang='lat'>-</span> <span class='ocrx_word' id='word_1_415' title='bbox 1011 3946 1095 3996; x_wconf 86' lang='grc'><strong>166166</strong></span> <span class='ocrx_word' id='word_1_416' title='bbox 1122 3960 1157 3996; x_wconf 85' lang='lat' dir='ltr'><strong>ex</strong></span> <span class='ocrx_word' id='word_1_417' title='bbox 1190 3941 1315 3996; x_wconf 89' lang='lat' dir='ltr'><strong>defuncti</strong></span> 
     </span>
    </p>
   </div>
   <div class='ocr_carea' id='block_1_5' title="bbox 228 4009 1315 4368">
    <p class='ocr_par' dir='ltr' id='par_1_19' title="bbox 228 4009 1315 4153">
     <span class='ocr_line' id='line_1_51' title="bbox 228 4009 1315 4082; baseline 0.001 -17"><span class='ocrx_word' id='word_1_418' title='bbox 228 4012 380 4065; x_wconf 88' lang='lat' dir='ltr'><strong>amicorum</strong></span> <span class='ocrx_word' id='word_1_419' title='bbox 398 4009 554 4063; x_wconf 90' lang='lat' dir='ltr'><strong>conlatione</strong></span> <span class='ocrx_word' id='word_1_420' title='bbox 578 4010 682 4077; x_wconf 89' lang='lat' dir='ltr'><strong>aliquid</strong></span> <span class='ocrx_word' id='word_1_421' title='bbox 707 4029 734 4079; x_wconf 90' lang='lat' dir='ltr'><strong>p.</strong></span> <span class='ocrx_word' id='word_1_422' title='bbox 806 4013 1169 4081; x_wconf 87' lang='lat' dir='ltr'><strong>bonistrecesimepretium</strong></span> <span class='ocrx_word' id='word_1_423' title='bbox 1180 4014 1315 4082; x_wconf 88' lang='lat' dir='ltr'><strong>portionis</strong></span> 
     </span>
     <span class='ocr_line' id='line_1_52' title="bbox 230 4081 1069 4153; baseline 0 -13"><span class='ocrx_word' id='word_1_424' title='bbox 230 4087 296 4153; x_wconf 80' lang='lat'><strong>1303</strong></span> <span class='ocrx_word' id='word_1_425' title='bbox 323 4082 357 4136; x_wconf 92' lang='lat' dir='ltr'><strong>de</strong></span> <span class='ocrx_word' id='word_1_426' title='bbox 381 4081 568 4135; x_wconf 88' lang='lat' dir='ltr'><strong>munificentia</strong></span> <span class='ocrx_word' id='word_1_427' title='bbox 591 4082 665 4151; x_wconf 87' lang='lat' dir='ltr'><strong>regis</strong></span> <span class='ocrx_word' id='word_1_428' title='bbox 687 4087 736 4135; x_wconf 87' lang='lat' dir='ltr'><strong>aut</strong></span> <span class='ocrx_word' id='word_1_429' title='bbox 806 4089 1008 4153; x_wconf 90' lang='lat' dir='ltr'><strong>prosequantur</strong></span> <span class='ocrx_word' id='word_1_430' title='bbox 1025 4088 1069 4140; x_wconf 91' lang='grc'><strong>82.</strong></span> 
     </span>
    </p>

    <p class='ocr_par' dir='ltr' id='par_1_20' title="bbox 228 4152 1315 4368">
     <span class='ocr_line' id='line_1_53' title="bbox 228 4152 1315 4225; baseline 0.002 -16"><span class='ocrx_word' id='word_1_431' title='bbox 228 4161 408 4225; x_wconf 89' lang='lat' dir='ltr'><strong>patronorum</strong></span> <span class='ocrx_word' id='word_1_432' title='bbox 426 4152 564 4208; x_wconf 90' lang='lat' dir='ltr'><strong>beneficiis</strong></span> <span class='ocrx_word' id='word_1_433' title='bbox 585 4153 689 4220; x_wconf 88' lang='lat' dir='ltr'><strong>aliquid</strong></span> <span class='ocrx_word' id='word_1_434' title='bbox 706 4171 733 4221; x_wconf 91' lang='lat' dir='ltr'><strong>p.</strong></span> <span class='ocrx_word' id='word_1_435' title='bbox 770 4156 920 4224; x_wconf 84' lang='lat' dir='ltr'><strong>provincia,</strong></span> <span class='ocrx_word' id='word_1_436' title='bbox 938 4155 1096 4223; x_wconf 84' lang='lat' dir='ltr'><strong>provinciae</strong></span> <span class='ocrx_word' id='word_1_437' title='bbox 1113 4156 1193 4225; x_wconf 87' lang='lat' dir='ltr'><strong>regni</strong></span> <span class='ocrx_word' id='word_1_438' title='bbox 1209 4160 1252 4212; x_wconf 87' lang='grc'><strong>74.</strong></span> <span class='ocrx_word' id='word_1_439' title='bbox 1272 4161 1315 4213; x_wconf 90' lang='grc'><strong>94.</strong></span> 
     </span>
     <span class='ocr_line' id='line_1_54' title="bbox 230 4224 1314 4295; baseline -0.001 -12"><span class='ocrx_word' id='word_1_440' title='bbox 230 4231 297 4293; x_wconf 78' lang='grc'><strong>142;</strong></span> <span class='ocrx_word' id='word_1_441' title='bbox 325 4226 445 4294; x_wconf 91' lang='lat' dir='ltr'><strong>quisquis</strong></span> <span class='ocrx_word' id='word_1_442' title='bbox 472 4224 648 4279; x_wconf 86' lang='lat' dir='ltr'><strong>fraudulente</strong></span> <span class='ocrx_word' id='word_1_443' title='bbox 672 4242 734 4295; x_wconf 91' lang='lat' dir='ltr'><strong>sug·</strong></span> <span class='ocrx_word' id='word_1_444' title='bbox 809 4230 867 4282; x_wconf 94' lang='grc'><strong>112.</strong></span> <span class='ocrx_word' id='word_1_445' title='bbox 895 4229 955 4282; x_wconf 89' lang='grc'><strong>113.</strong></span> <span class='ocrx_word' id='word_1_446' title='bbox 985 4230 1044 4283; x_wconf 86' lang='grc'><strong>184.</strong></span> <span class='ocrx_word' id='word_1_447' title='bbox 1072 4231 1134 4283; x_wconf 78' lang='grc'><strong>262.</strong></span> <span class='ocrx_word' id='word_1_448' title='bbox 1162 4231 1223 4283; x_wconf 89' lang='grc'><strong>264.</strong></span> <span class='ocrx_word' id='word_1_449' title='bbox 1251 4231 1314 4284; x_wconf 79' lang='grc'><strong>285.</strong></span> 
     </span>
     <span class='ocr_line' id='line_1_55' title="bbox 228 4296 1315 4368; baseline 0.001 -17"><span class='ocrx_word' id='word_1_450' title='bbox 228 4299 352 4368; x_wconf 87' lang='lat' dir='ltr'><strong>gestione</strong></span> <span class='ocrx_word' id='word_1_451' title='bbox 378 4296 481 4364; x_wconf 86' lang='lat' dir='ltr'><strong>aliquid</strong></span> <span class='ocrx_word' id='word_1_452' title='bbox 500 4314 516 4350; x_wconf 91' lang='lat' dir='ltr'><strong>a</strong></span> <span class='ocrx_word' id='word_1_453' title='bbox 533 4296 735 4366; x_wconf 88' lang='lat' dir='ltr'><strong>precessoribus</strong></span> <span class='ocrx_word' id='word_1_454' title='bbox 808 4301 874 4364; x_wconf 76' lang='lat'><strong>3073</strong></span> <span class='ocrx_word' id='word_1_455' title='bbox 901 4298 932 4350; x_wconf 91' lang='lat' dir='ltr'><strong>in</strong></span> <span class='ocrx_word' id='word_1_456' title='bbox 955 4298 1088 4352; x_wconf 88' lang='lat' dir='ltr'><strong>limitibus</strong></span> <span class='ocrx_word' id='word_1_457' title='bbox 1109 4298 1315 4366; x_wconf 87' lang='lat' dir='ltr'><strong>provinciarum</strong></span> 
     </span>
    </p>
   </div>
   <div class='ocr_carea' id='block_1_6' title="bbox 0 0 1512 4934">
    <p class='ocr_par' dir='ltr' id='par_1_21' title="bbox 0 0 1512 4934">
     <span class='ocr_line' id='line_1_56' title="bbox 0 0 1512 4934; baseline 0 0"><span class='ocrx_word' id='word_1_458' title='bbox 0 0 1512 4934; x_wconf 95' lang='lat' dir='ltr'><strong> </strong></span> 
     </span>
    </p>
   </div>
  </div>
 </body>
</html>
