3000 4934
405 367 460 423 ΠΙ.
497 367 619 422 INDEX
637 367 776 423 RERUM
794 369 843 422 ET
862 369 1086 426 VERBORUM.
1251 376 1304 428 365

221 545 347 615 probatio
367 549 409 601 94.
430 549 490 601 106.
508 550 574 614 205;
595 564 631 601 m.
651 547 729 616 signa
800 547 877 615 signo
901 547 957 600 sive
985 548 1183 615 subscriptione
1207 548 1304 601 confir-

222 621 282 673 206.
800 634 875 670 mare
889 621 935 686 123
954 619 1118 687 scripturam
1130 636 1226 672 manus
1242 637 1306 672 suae

800 689 979 770 suscriptione
991 691 1035 742 vel
1052 691 1129 758 signo
1142 689 1306 743 confirmare

186 687 291 741 mansio
318 690 386 755 2893
416 687 616 756 mancipiorum
646 688 728 741 sessio

223 763 251 812 et
268 758 373 811 mansio
392 762 443 814 307
453 775 492 825 sq.

186 846 326 883 mansores
347 833 408 885 289.

187 900 368 954 mansuetudo
396 900 476 969 regis,
503 901 657 968 principum
687 904 729 957 11.

187 1042 389 1095 manumissicia
407 1045 450 1097 95.

188 1113 363 1167 manumissio
384 1115 443 1168 169.
462 1117 522 1169 308.

189 1185 370 1237 manumissor
390 1187 538 1239 170-172.
552 1188 604 1240 307
611 1201 617 1252 ;
638 1184 730 1238 condi·

225 1256 312 1308 tiones
338 1272 353 1307 a
377 1256 575 1308 manumissore
599 1256 629 1307 in
647 1257 730 1324 scrip·

225 1326 657 1394 turammanumissiconscriptae
666 1331 730 1395 1723

225 1397 339 1450 libertus
366 1398 556 1450 manumissori
586 1398 731 1451 iniuriosus

802 763 868 828 148;
894 777 1002 829 signum
1026 761 1139 829 propria
1160 779 1244 814 manu
1268 760 1306 814 11-

801 848 862 884 1111
892 833 960 899 319;
997 833 1112 899 epistola
1140 848 1224 885 manu
1259 850 1308 885 sua

801 902 934 970 suscripta
946 907 994 970 653
1008 903 1125 970 epistula
1134 903 1251 971 (iudicis)
1260 920 1307 956 sua

801 990 885 1025 manu
910 974 1042 1041 suscripta
1068 974 1167 1041 (adque
1193 974 1309 1042 signata)

803 1047 845 1099 62.
864 1047 933 1112 286;
959 1062 1055 1097 manus
1077 1071 1108 1088 =
1128 1047 1308 1098 (1111110111-

802 1131 912 1181 raram,
945 1117 1168 1181 ‘Hondscbrift’:
1202 1133 1307 1184 manus,

802 1201 934 1237 manuum
953 1188 1123 1254 contropatio
1143 1191 1184 1242 73.
1204 1191 1254 1255 83;
1275 1217 1307 1225 -

802 1273 915 1308 manum
937 1256 1061 1324 perdere,
1086 1275 1198 1310 manum
1224 1258 1308 1311 absci-

804 1327 877 1392 dere,
901 1343 990 1393 poeaa
1014 1329 1084 1391 falsi
1107 1332 1168 1384 219.
1193 1333 1254 1384 224.
1276 1357 1307 1366 -

803 1415 915 1450 manum
934 1398 1072 1452 abscidere
1092 1402 1151 1454 187.
1173 1403 1231 1455 198.

768 1470 882 1522 maritus
906 1473 948 1524 12.
973 1472 1014 1525 15.
1040 1474 1081 1525 16.
1106 1473 1148 1525 94.
1169 1473 1227 1526 184.
1249 1474 1308 1526 199.

227 1473 292 1536 171;
318 1484 352 1521 ex
377 1485 477 1537 genere
502 1470 731 1522 manumissorum

227 1539 384 1608 coniugium
409 1539 560 1592 adtemtare
584 1543 650 1608 1743
674 1557 731 1592 ma-

226 1610 390 1662 numissores
417 1611 461 1663 vel
492 1628 587 1664 eorum
616 1612 731 1680 posteri·

226 1686 311 1734 tatem
330 1682 364 1735 ib.

191 1752 384 1805 manumittere
414 1752 592 1820 mancipium,
624 1771 732 1807 servum

229 1827 287 1879 106.
303 1826 366 1891 168;
386 1823 409 1874 11
422 1824 541 1877 moriens
554 1842 604 1892 per
616 1825 732 1892 scriptu·

227 1912 285 1947 ram
300 1898 347 1946 aut
361 1894 532 1961 presentibus
547 1896 661 1949 testibus
676 1913 732 1947 ma-

227 1965 370 2018 numiserit
386 1966 521 2033 mancipia
539 1969 604 2034 1683
624 1984 732 2019 servum

229 2036 263 2088 ad
286 2036 385 2089 civium
403 2036 593 2089 Romanorum
616 2037 732 2105 dignita-

228 2112 284 2160 tem
302 2107 496 2160 manumittere
514 2107 584 2160 nulli
602 2108 733 2174 obsequio

228 2182 366 2231 reservato
385 2182 453 2246 308;
478 2182 605 2247 presente
623 2180 734 2247 presby-

229 2254 288 2302 tero
306 2250 351 2302 vel
370 2249 485 2302 diacono
504 2267 539 2304 m.
559 2253 623 2318 1693
642 2266 734 2303 coram

230 2321 398 2374 sacerdotem
411 2321 454 2372 vel
467 2320 612 2373 diaconum
630 2339 666 2375 m.
686 2323 734 2389 io,

229 2409 337 2444 servum
348 2393 475 2455 alienum,
486 2392 651 2461 mancipium
662 2409 734 2446 com-

229 2480 312 2516 mune
339 2463 532 2516 manumittere
559 2464 588 2516 in
610 2463 734 2517 fraudem

229 2534 333 2586 domini
365 2539 431 2603 1683
469 2535 604 2588 ordinatio
638 2553 735 2588 manu-

229 2606 362 2658 mittentis
389 2609 455 2674 1743
482 2606 587 2661 libertis
615 2607 637 2659 si
661 2607 735 2674 quod

230 2675 373 2729 donaverit
407 2678 454 2744 qui
485 2695 531 2730 eos
565 2678 736 2730 manumittit

231 2750 297 2813 168;
324 2750 359 2811 cf.
389 2751 454 2814 1723
484 2779 516 2785 —
545 2748 735 2812 manumissus,

229 2817 388 2868 manumissi
407 2821 449 2871 95.
465 2821 613 2873 170-172.
626 2821 688 2871 207.
702 2847 734 2854 -

230 2887 314 2936 vitam
343 2887 390 2936 ubi
414 2886 533 2937 voluerit
555 2886 736 2938 manumissus

231 2954 399 3023 transigendi
436 2954 537 3008 habeat
572 2959 737 3022 potestatem

231 3028 299 3092 3083
327 3024 495 3079 conditiones
519 3027 549 3077 in
574 3026 737 3094 scripturam

232 3095 389 3147 manumissi
399 3097 552 3165 conscripta
564 3100 627 3164 1723
641 3115 737 3151 manu·

232 3165 328 3218 missus
352 3166 411 3219 sine
436 3165 498 3220 filiis
522 3168 645 3237 legitimo
672 3184 736 3222 oon-

231 3237 305 3306 iugic
334 3237 468 3290 transiens
497 3240 547 3308 ib.;
579 3239 738 3292 manumissi

231 3308 357 3376 proximi,
385 3308 441 3362 sive
468 3311 548 3377 servi,
575 3310 632 3363 sive
659 3310 738 3364 liberi

232 3381 281 3447 ib.;
307 3380 354 3447 qui
372 3379 477 3432 furtum
495 3381 616 3449 admisit,
642 3385 738 3450 postea

231 3467 247 3502 1
266 3450 378 3502 (1111111
396 3467 445 3503 111
464 3453 647 3505 manumissus
671 3456 737 3523 207;

232 3522 347 3574 11111111
364 3522 547 3577 manumissos
566 3527 626 3578 172.

195 3609 304 3644 manus:
324 3609 420 3645 manus
438 3595 551 3663 propria
570 3597 612 3650 12.
631 3597 675 3650 83.
693 3597 738 3650 84.

231 3668 299 3732 319;
324 3663 437 3717 libertas
462 3666 537 3734 regie
559 3682 656 3718 manus
674 3665 738 3718 stilo

232 3734 366 3802 suscripta
379 3738 445 3804 1733
457 3736 570 3805 propria
581 3753 664 3789 manu
674 3753 738 3790 con-

232 3805 362 3873 scribere,
393 3807 512 3860 scribam
538 3808 740 3877 (volumtatem)

232 3879 275 3931 83.
294 3879 344 3943 84;
362 3876 494 3930 iudicium
512 3879 738 3933 conscribendum

233 3964 249 3999 1
267 3947 357 4000 iudice
379 3965 483 4015 suoque
505 3967 589 4002 manu
607 3951 738 4003 roboran-

233 4017 300 4070 dum
318 4021 366 4085 543
385 4019 530 4073 iuramenti
550 4020 739 4074 condicionem

233 4094 289 4140 tem
321 4106 370 4141 sua
400 4106 482 4156 quam
513 4091 626 4143 testium
655 4108 739 4143 manu

233 4160 416 4213 conroborent
445 4164 496 4228 823
533 4162 562 4213 in
592 4160 740 4213 donatione

233 4230 350 4283 donator
379 4233 492 4300 propria
516 4249 600 4284 manu
624 4231 740 4284 subscri·

233 4301 280 4354 bat
302 4305 370 4370 319;
396 4303 560 4371 scripturam
585 4319 635 4354 sua
656 4319 740 4354 manu

803 1544 869 1608 2013
895 1541 918 1592 si
940 1539 997 1592 filia
1019 1540 1149 1594 maritum
1174 1541 1311 1609 acceperit

805 1614 847 1667 15.
869 1615 932 1679 127;
958 1612 1049 1679 puella
1073 1612 1204 1664 maritum
1229 1629 1309 1680 expe·

804 1685 865 1736 tens
888 1686 937 1750 923
963 1683 1021 1736 sine
1039 1683 1190 1737 volumtate
1212 1701 1310 1752 paren·

804 1758 865 1806 tum
894 1754 1010 1806 transire
1041 1754 1076 1806 ad
1105 1755 1234 1807 maritum
1263 1757 1310 1821 117;

804 1825 896 1893 puella
927 1824 962 1877 ad
991 1824 1149 1878 inferiorem
1181 1826 1311 1877 maritum

806 1895 951 1948 deveniens
980 1899 1028 1962 923
1060 1913 1108 1962 spe
1135 1896 1311 1965 ingenuitatis

805 1966 935 2018 maritum
961 1965 1012 2018 sibi
1036 1967 1139 2018 sociare
1162 1970 1209 2033 973
1235 1967 1311 2034 puel·

806 2037 860 2088 lam
886 2039 934 2088 aut
952 2036 1062 2088 viduam
1087 2037 1234 2104 iugenuam
1253 2037 1313 2089 abs-

806 2124 859 2174 que
886 2106 962 2176 regio
990 2107 1065 2159 iussu
1089 2108 1223 2160 violenter
1247 2107 1313 2160 dare

806 2178 906 2230 marito
939 2182 997 2233 101.
1031 2182 1097 2243 1023
1130 2183 1192 2246 post
1221 2178 1314 2230 mariti

807 2249 913 2302 obitum
938 2248 973 2301 ad
996 2249 1080 2301 alium
1105 2250 1234 2302 maritum
1253 2266 1314 2317 per-

807 2320 900 2373 venire
915 2323 956 2375 14.
972 2323 1035 2389 1463
1055 2321 1172 2373 alterum
1184 2321 1313 2373 maritum

807 2391 908 2445 habere
929 2394 994 2457 1143
1019 2393 1112 2460 plures
1135 2393 1248 2444 maritos
1266 2391 1314 2443 111-

807 2463 897 2516 buisse
916 2467 967 2528 89;
992 2463 1092 2516 mulier
1116 2467 1179 2532 post
1196 2467 1315 2516 mortem

807 2535 899 2588 mariti
921 2533 993 2587 infra
1011 2552 1113 2588 annum
1135 2535 1241 2588 nubens
1265 2538 1314 2600 93;

808 2606 857 2659 dos
876 2607 909 2658 ab
929 2605 982 2658 alio
1001 2607 1100 2659 marito
1119 2610 1230 2674 accepta
1250 2608 1314 2672 1403

807 2694 851 2729 res
870 2694 886 2728 a
903 2677 1002 2728 marito
1022 2677 1101 2729 uxori
1120 2677 1244 2744 donatae,
1267 2675 1314 2727 do-

808 2747 883 2798 natio
908 2763 925 2797 a
950 2747 1048 2798 marito
1070 2748 1099 2799 in
1119 2764 1232 2800 uxorem
1250 2763 1314 2799 con·

809 2816 918 2882 scripta,
941 2817 1055 2869 maritus
1075 2817 1097 2869 si
1116 2818 1195 2869 uxori
1213 2816 1315 2884 aliquid

809 2886 952 2938 donaverit
976 2893 1019 2940 stc.
1048 2890 1090 2941 12.
1118 2891 1158 2941 14.
1185 2890 1227 2942 91.
1255 2891 1314 2941 140.

810 2960 877 3023 148;
909 2956 1019 3008 donatio
1047 2957 1082 3008 ad
1108 2957 1237 3009 maritum
1269 2965 1316 3009 aut

809 3027 845 3079 ad
875 3027 1042 3093 propinquos
1077 3027 1169 3078 mariti
1201 3026 1315 3080 heredes

809 3097 904 3151 redeat
923 3101 972 3165 90;
995 3100 1030 3161 cf.
1050 3101 1110 3153 115.
1132 3101 1198 3165 1463
1224 3097 1316 3150 uxoris

809 3167 954 3234 volumtas,
980 3183 1033 3234 que
1057 3168 1086 3220 in
1105 3167 1233 3220 maritum
1252 3185 1316 3221 con-

810 3239 882 3292 ferre
900 3238 1018 3291 voluerit
1044 3243 1085 3294 12.
1113 3241 1179 3304 1481
1205 3238 1316 3291 donatio

809 3310 838 3363 in
863 3309 994 3362 maritum
1019 3310 1172 3378 conscripta
1197 3312 1245 3376 91;
1273 3325 1317 3363 111

810 3381 882 3435 inter
911 3381 1041 3433 maritum
1072 3385 1101 3434 et
1131 3397 1246 3434 uxorem
1276 3380 1316 3432 in·

809 3452 898 3505 vicem
917 3451 998 3505 dates
1018 3454 1084 3520 1483
1110 3451 1185 3519 quod
1203 3451 1317 3504 maritus

811 3523 981 3590 adquisierit,
1008 3523 1184 3591 conquisierit
1208 3523 1248 3589 (in
1271 3539 1316 3576 ex·

810 3594 959 3663 peditione,
990 3593 1025 3647 de
1052 3598 1246 3648 extraneorum
1275 3595 1317 3646 lu·

811 3665 863 3719 cris
881 3667 937 3732 cte.)
955 3668 997 3721 10.
1017 3668 1059 3720 17.
1078 3669 1137 3722 128.
1158 3668 1223 3733 130;
1242 3665 1318 3734 regis

811 3736 923 3789 donatio
948 3736 977 3788 in
1002 3736 1114 3789 nomine
1137 3736 1229 3788 mariti
1254 3752 1316 3789 con·

810 3808 920 3876 scripta,
934 3823 976 3861 res
989 3808 1088 3861 marito
1101 3824 1190 3877 arege
1200 3807 1317 3860 donatae

812 3883 879 3947 1453
919 3878 994 3946 quod
1034 3879 1148 3932 maritus
1187 3879 1318 3946 principis

811 3951 856 4004 vel
882 3950 992 4018 patroni
1019 3951 1137 4002 conlatio
1166 3948 1318 4016 promeruit

813 4026 879 4088 1303
902 4021 1017 4073 maritus
1036 4025 1064 4073 11
1082 4037 1152 4072 uxor
1170 4019 1222 4071 sibi
1239 4018 1317 4071 11111-

812 4091 910 4144 ditaris
929 4091 988 4143 iure
1004 4090 1178 4142 succedentes
1196 4091 1317 4156 19.127;

812 4163 925 4214 maritus
956 4175 1071 4212 uxorem
1105 4159 1205 4210 iniuste
1235 4158 1317 4210 relin-

812 4248 898 4299 quens
918 4233 982 4297 117;
1001 4229 1124 4295 maritus,
1143 4228 1191 4295 qui
1207 4227 1318 4281 divortii

811 4303 856 4354 vel
870 4300 1023 4354 securitatis
1037 4299 1209 4367 iscripturam
1225 4316 1317 4353 1111-
