3000 4934
183 374 237 426 350

219 546 311 599 idonei
328 545 378 598 filii
397 549 444 613 94;
463 545 482 600 f.
501 546 640 598 naturales
658 548 724 610 3183

219 618 381 670 clericorum
400 617 419 672 f.
440 620 500 673 144.
522 619 586 682 1453
612 617 634 669 si
652 615 724 669 filius

404 368 459 423 ΙΠ.
496 367 617 422 INDEX
635 367 773 423 RERUM
791 368 840 422 ΕΤ
860 367 1084 424 VERBORUhL

797 545 986 672 ilnffladulterio
1004 551 1117 613 epatre
1142 562 1191 598 suo
1217 547 1311 599 occisa

219 688 308 741 filiave
327 687 354 740 X
367 688 462 741 diebus
480 688 573 741 vivens
592 691 619 740 et
637 687 724 755 bapti·
761 686 844 740 fines:
863 687 935 738 infra
952 684 1021 740 fines
1039 688 1182 756 regionum
1199 693 1310 741 nostra-

218 765 295 812 zatus
314 759 467 812 discesserit
487 762 550 826 131;
569 757 649 826 filius,
668 757 725 810 filia

219 847 283 883 cum
301 829 357 882 XX
376 847 461 883 annos
480 830 576 882 aetatis
594 830 723 897 impleve-

219 901 274 953 rint
303 905 343 956 15.
362 904 435 967 ·127;
463 899 513 952 filii
540 905 656 952 matrem
684 916 724 952 se-

797 776 858 810 rum
891 761 935 825 (ac.
967 756 1133 826 Gothorum)
1167 760 1311 828 mancipia

796 828 993 956 {ggdzrgaefih
1006 827 1075 882 fines
1083 828 1243 895 fundorum,
1253 831 1312 884 loci

219 976 339 1039 quantur
366 975 434 1038 3203
462 970 511 1023 filii
536 971 724 1023 condicionem
761 970 881 1038 fingere:
900 970 919 1026 f.
932 974 1059 1039 parentes
1071 974 1137 1037 2213
1157 971 1310 1039 scripturas

218 1042 314 1094 matris
333 1047 481 1109 sequantur
506 1045 574 1106 20ος
600 1040 671 1093 filius
691 1041 725 1094 ad

798 1039 875 1094 fictas
895 1039 1028 1095 conficere
1046 1044 1090 1097 42.

218 1112 404 1166 conditionem
422 1113 568 1182 genetricis
585 1113 725 1180 pertinens
761 1111 841 1164 finire
870 1129 993 1177 causam,
1020 1129 1163 1165 causarum
1194 1115 1311 1182 negotia

218 1187 287 1248 282ς
320 1182 370 1236 filii
398 1183 558 1236 condicione
585 1184 657 1251 patri
684 1200 724 1236 se·

797 1186 841 1238 45.
860 1186 903 1238 46.
923 1187 965 1238 72.

219 1259 339 1322 quantur
357 1259 406 1319 953
426 1253 474 1306 filii
488 1271 522 1307 ex
535 1255 618 1322 priori
632 1254 724 1307 coniu·
761 1252 884 1306 firmare:
903 1253 1057 1306 iuramento
1075 1253 1095 1308 f.
1114 1258 1157 1310 50.
1177 1257 1221 1311 57.
1239 1259 1311 1320 278ς

219 1326 264 1448 pio
283 1325 428 1393 procreati,
451 1325 537 1395 geniti
559 1329 643 1393 9311.
659 1329 724 1391 1183

232 1439 237 1450 .
264 1395 298 1450 de
323 1397 377 1449 alio
402 1397 529 1465 coniugio
552 1400 618 1461 2013
647 1396 665 1450 f.
692 1413 726 1448 ex

220 1467 318 1520 eodem
344 1468 471 1535 coniugio
500 1467 634 1536 procreati
661 1471 725 1532 1273

219 1555 377 1591 communes
396 1539 414 1592 f.
436 1542 573 1604 115.118;
593 1538 611 1591 f.
632 1538 666 1590 de
685 1538 725 1590 di·

219 1609 303 1662 versis
321 1609 480 1677 parentibus
499 1610 555 1661 nati
575 1612 637 1675 1413
658 1609 676 1663 f.
690 1609 726 1661 ad

219 1678 332 1731 domum
355 1684 528 1732 transeuntes
546 1679 662 1732 alienam
683 1683 725 1735 16.

221 1753 272 1805 127
279 1771 285 1815 3
305 1750 354 1802 filii
372 1751 401 1802 in
413 1751 498 1818 patris
511 1754 646 1818 potestate
660 1753 725 1819 1273

218 1819 290 1873 filius
309 1821 394 1889 petris
412 1838 523 1874 servans
541 1821 725 1874 obedientiam

221 1895 287 1957 1323
306 1897 384 1960 patre
403 1897 511 1945 mortuo
528 1891 646 1944 filiorum
659 1893 725 1944 utri·

220 1980 305 2031 usque
324 1981 404 2017 sexus
420 1964 576 2017 coniunctio
589 1964 618 2015 in
630 1964 725 2016 matris

218 2039 355 2102 potestate
372 2039 421 2103 923
440 2034 510 2088 filios
523 2052 585 2087 suos
597 2035 725 2100 vendere,

797 1325 912 1378 testibus
938 1325 956 1379 f.
982 1328 1026 1380 50.
1049 1328 1118 1392 278;
1144 1342 1195 1393 per
1221 1326 1312 1379 dona-

798 1396 880 1447 tionis
898 1395 1050 1448 chartulam
1066 1395 1177 1448 firmare
1194 1400 1258 1452 319.
1274 1429 1312 1436 -

797 1467 930 1534 placitum
955 1467 1040 1519 trium
1058 1467 1169 1519 testium
1191 1468 1312 1520 robora·

797 1538 873 1590 tione
898 1536 1037 1590 firmatum
1062 1541 1129 1603 2033
1157 1538 1312 1604 (volumtas

798 1609 950 1677 morientis)
970 1609 1117 1662 sacerdotis
1135 1613 1218 1676 atque
1237 1610 1311 1662 iudi·

798 1680 836 1732 cis
849 1680 1027 1748 suscriptione
1040 1679 1165 1732 fimatur
1179 1683 1229 1745 833
1250 1683 1312 1749 epi·

798 1751 898 1803 atulam
934 1754 990 1804 tres
1025 1754 1108 1804 testes
1142 1751 1228 1820 signis
1260 1758 1312 1806 aut

798 1822 1023 1889 suscriptionibus
1048 1822 1129 1874 simul
1154 1839 1218 1874 curn
1247 1823 1312 1891 ipso

796 1896 914 1961 (autore)
931 1891 1042 1946 firment
1061 1896 1126 1958 18ος
1143 1894 1313 1947 mandatum

798 1965 882 2016 trium
894 1965 1007 2016 testium
1019 1964 1195 2018 adnotatione
1215 1967 1313 2019 firma-

798 2039 857 2087 tum
879 2039 938 2090 180.

219 2105 330 2173 donare,
352 2107 533 2175 oppignerare
552 2109 593 2162 10.
615 2108 688 2173 1541Δ
706 2105 723 2160 f.
763 2105 877 2158 firmitas
896 2111 920 2161 7.
940 2109 965 2161 8.
986 2110 1010 2161 9.
1030 2109 1072 2161 12.
1093 2109 1312 2164 117.118.151.

218 2193 282 2229 1111
300 2193 398 2230 necare
412 2181 479 2244 1843
497 2181 618 2245 potestas
631 2176 725 2245 flagel·
763 2176 872 2229 firmus:
903 2178 1038 2244 posterior
1065 2177 1198 2245 scriptura
1226 2177 1313 2232 firma

219 2248 295 2300 landi
321 2252 349 2301 et
374 2249 538 2316 corripiendi
563 2247 633 2300 filios
659 2251 725 2312 1393

797 2248 931 2300 habeatur
948 2251 1009 2303 222.

219 2316 300 2385 filins,
319 2320 365 2386 qui
379 2319 481 2387 aliquid
493 2319 651 2386 adquisierit
670 2319 726 2371 sive
763 2317 874 2371 fiscalis:
889 2319 959 2371 servi
971 2318 1075 2371 fiscales
1090 2322 1148 2374 173.
1161 2322 1231 2384 2843
1251 2336 1311 2372 ser-

219 2388 254 2441 de
273 2389 460 2441 munificentia
477 2391 549 2459 regis
568 2395 616 2442 aut
633 2395 725 2457 patro·

220 2476 319 2511 norum
364 2459 503 2513 beneficiis
543 2460 726 2528 promeruerit

798 2407 895 2441 vorum
905 2389 1037 2442 fiscalium
1047 2390 1191 2458 mancipia,
1204 2390 1311 2460 liberti,

798 2461 939 2514 libertates
959 2465 1017 2516 173.

223 2533 289 2596 142;
307 2529 356 2582 filii
373 2535 519 2598 parentum
532 2531 644 2583 crimine
662 2530 727 2583 socii
762 2529 843 2584 fiscus
869 2535 912 2586 44.
932 2536 973 2587 71.
995 2536 1053 2587 111.
1077 2535 1137 2587 202.
1161 2535 1223 2588 219.
1242 2536 1309 2588 224.

222 2604 287 2667 1813
316 2601 347 2668 fi,
376 2601 422 2668 qui
449 2619 505 2653 non
529 2608 593 2653 sunt
617 2602 726 2655 sceleris

220 2672 306 2739 patris
323 2672 469 2740 participes
490 2676 555 2738 1983
574 2672 645 2725 filius
664 2690 727 2725 cum

219 2748 298 2811 patre
324 2744 353 2795 in
379 2761 523 2796 commune
548 2744 641 2797 vivens
667 2748 725 2799 132.

223 2817 288 2880 142;
308 2832 370 2867 cum
388 2813 459 2867 filius
478 2815 586 2868 duxerit
604 2832 726 2883 uxorem,

221 2884 279 2937 filie
296 2887 426 2939 maritum
445 2887 581 2954 acceperit
600 2891 648 2954 133
676 2903 726 2954 pro

220 2955 340 3009 filiorum
353 2957 455 3025 nuptiis
469 2957 590 3010 definitio
608 2961 657 3023 883
676 2974 726 3025 pro

221 3026 277 3080 filio
291 3029 489 3081 coniunctionis
502 3029 627 3096 copulam
645 3045 727 3096 appe·

221 3104 280 3151 tere
293 3105 340 3166 933
358 3101 516 3167 nuptiarum
528 3105 652 3168 tempore
665 3098 727 3152 filiis

222 3170 323 3222 donata
352 3174 415 3235 1413
443 3169 494 3222 filii
519 3171 547 3223 in
574 3171 727 3224 hereditate

219 3242 303 3309 primi
316 3245 380 3293 sunt
400 3246 465 3308 124;
485 3243 507 3294 11
525 3246 604 3310 pater
616 3242 727 3295 intesta·

222 3319 265 3364 tus
284 3313 391 3380 obierit,
415 3313 468 3365 sint
487 3313 527 3364 illi
546 3313 659 3366 heredes
678 3312 728 3365 filii

220 3387 287 3449 3173
307 3383 472 3437 exheredare
490 3384 560 3437 filios
581 3388 640 3439 138.
661 3388 727 3450 1393

222 3455 365 3507 meliorare
387 3455 457 3507 filios
483 3459 549 3521 1423
575 3455 727 3521 intestatus,

221 3526 351 3578 intestata
380 3525 449 3579 filios
486 3543 541 3579 non
571 3527 727 3593 relinquens

224 3601 283 3652 141.
304 3600 369 3662 1463
397 3599 419 3649 si
443 3597 515 3650 filius
539 3597 642 3651 habens
661 3615 727 3650 uxo·

798 2607 860 2657 252.
884 2606 944 2658 293.
968 2606 1029 2658 205.
1048 2606 1108 2659 297.
1135 2606 1196 2658 305.
1216 2607 1309 2658 307-

798 2678 864 2739 3113
895 2672 953 2726 fisci
981 2674 1051 2726 vires
1081 2677 1125 2728 42.
1152 2677 1213 2729 173.
1238 2678 1310 2739 251;

798 2745 840 2796 111
865 2744 922 2796 fisci
950 2748 995 2811 71;
1021 2744 1089 2796 nihil
1113 2743 1180 2797 fisco
1206 2743 1311 2798 debeat

799 2816 888 2884 perire
901 2819 966 2880 2813
986 2814 1079 2868 afisco
1091 2816 1212 2882 pretium
1225 2816 1311 2869 detur

799 2890 867 2954 2243
890 2886 970 2939 fiscus
989 2886 1023 2939 de
1042 2886 1228 2955 quorumlibet
1245 2888 1310 2940 iure

800 2957 990 3025 quodcumque
1002 2962 1106 3024 tenens,
1122 2959 1178 3010 sive
1191 2958 1311 3026 quilibet

800 3029 834 3081 de
846 3026 904 3080 fisci
917 3029 998 3081 rebus
1010 3029 1112 3096 aliquid
1124 3032 1220 3082 tenens
1238 3033 1309 3095 285;

800 3103 904 3152 actores
931 3099 989 3151 fisci
1017 3103 1083 3164 207;
1115 3100 1213 3166 quibus
1241 3116 1309 3152 con-

800 3171 896 3223 missus
915 3179 956 3222 111
973 3169 1054 3223 fiscus
1078 3175 1125 3236 713
1151 3169 1209 3223 fisci
1235 3173 1309 3224 servi

799 3245 866 3306 285;
891 3259 969 3295 servo
988 3240 1045 3293 fisci
1064 3242 1171 3294 conlata
1193 3241 1309 3294 libertas

799 3313 874 3381 regie
887 3329 983 3364 manus
999 3312 1060 3364 stilo
1074 3313 1227 3380 conscripta
1240 3316 1308 3380 1733

800 3384 822 3436 si
834 3385 956 3451 privatus
969 3402 1031 3437 cum
1045 3385 1128 3436 servis
1147 3382 1205 3437 fisci
1223 3384 1309 3438 habet

800 3455 983 3508 causationem
996 3458 1061 3521 2973
1079 3472 1141 3507 cum
1153 3455 1234 3507 rebus
1247 3472 1308 3508 om-

799 3527 879 3579 nibus
903 3525 968 3578 fisco
988 3525 1113 3579 servituri
1133 3526 1309 3578 adsocientur

802 3601 860 3653 181.

222 3685 281 3720 rem
307 3673 335 3721 et
358 3667 436 3736 filios,
462 3673 540 3737 patre
559 3669 667 3722 vivente
686 3686 728 3721 re·
764 3669 917 3737 flagellare:
940 3667 1049 3735 publice
1071 3667 1225 3736 flagellatus
1246 3671 1307 3723 119.

223 3741 334 3792 cesserit
354 3743 419 3804 1323
446 3739 480 3792 de
505 3739 568 3791 filiis
594 3744 656 3791 ante
680 3756 728 3806 pa·
764 3740 917 3808 flagellum:
936 3738 1045 3806 flagella
1056 3739 1166 3806 publice
1179 3743 1308 3792 extensus

222 3815 293 3862 trem
312 3810 428 3861 mortuis
454 3813 518 3874 3173
544 3809 594 3861 filii
613 3809 728 3878 cogendi

222 3886 285 3933 sunt
304 3880 439 3947 subplere‚
455 3879 528 3932 unde
542 3884 620 3932 autor
633 3896 728 3932 eorum

223 3952 330 4005 debitor
350 3955 400 4006 166
413 3969 450 4018 sq.
470 3981 504 3989 —
525 3949 582 4002 filia
601 3951 727 4019 coniugio

222 4023 376 4090 copulanda
404 4026 453 4087 903
482 4022 516 4074 de
543 4020 598 4074 filie
626 4022 728 4090 nuptiis

222 4094 335 4147 definire
362 4098 389 4146 et
414 4094 448 4147 de
470 4093 559 4161 pretio
583 4094 728 4146 convenire

222 4170 268 4231 873
300 4166 419 4233 pretium
447 4164 502 4218 filie
530 4169 578 4230 993
610 4164 728 4217 filiarum

221 4238 424 4304 sollicitatores,
461 4237 546 4289 filiam
583 4237 728 4290 sollicitare

222 4313 283 4364 101.
304 4313 370 4376 102,
396 4307 452 4361 filia
469 4309 592 4378 iugulata
614 4311 683 4374 2483
709 4309 726 4363 f.

800 3811 914 3878 accipiat
939 3812 978 3862 vel
1000 3812 1126 3862 1111111111
1151 3814 1175 3864 3.
1195 3812 1238 3864 46.
1263 3814 1307 3866 53.

801 3884 843 3936 64.
863 3885 897 3937 98
912 3885 1034 3947 pressim
1052 3882 1081 3932 in
1100 3885 1237 3933 conventu
1256 3898 1307 3948 pu-

800 3952 872 4004 blico
892 3952 1020 4019 (publice)
1044 3952 1071 4006 fl.
1097 3952 1219 4019 accipere
1246 3955 1307 4008 110.

800 4027 861 4079 208.
887 4026 948 4078 228.
975 4026 1043 4088 2693
1068 4023 1096 4074 iu
1121 4023 1216 4090 populi
1242 4039 1308 4075 con·

799 4099 884 4147 ventu
902 4093 929 4148 fl.
949 4111 1003 4148 acc.
1025 4097 1091 4160 1823
1117 4094 1146 4145 in
1169 4099 1308 4147 conventu

800 4166 979 4218 mercantium
998 4165 1106 4232 publice
1124 4163 1152 4219 fl.
1171 4165 1308 4231 suscipere

800 4241 867 4304 270;
900 4236 927 4290 fl.
954 4253 1059 4304 coram,
1093 4240 1155 4288 ante
1188 4235 1308 4289 iudicem

800 4325 855 4362 111,
884 4311 943 4363 210.
973 4310 1033 4362 212.
1062 4311 1122 4362 228.
1150 4310 1211 4362 240.
1240 4311 1307 4375 261;
