3000 4934
372 362 449 415 LEX
468 362 582 418 VISIG.
602 361 870 420 Raecsssvmn.
908 364 942 431 X,
962 368 987 431 2,
1007 368 1031 419 5.
1046 367 1075 430 ὃς
1094 369 1119 420 3.
1254 368 1306 420 287

331 545 561 629 Exemplar
592 546 782 630 epistole
813 546 1157 610 informationis.

294 651 360 715 Ille
391 652 493 715 iudex
523 652 575 715 illi
607 653 726 716 saloni.
778 652 1011 715 Informamus
1040 656 1090 729 te,
1122 659 1162 717 ut
1192 655 1304 718 locum

185 740 294 812 illum,
320 760 421 821 quem
445 740 504 804 ille
528 741 689 825 reperite,
715 744 751 805 et
774 762 866 804 nuno
890 742 926 804 in
943 742 1094 806 dominio
1115 743 1208 806 illius
1233 762 1305 806 esse

185 829 330 902 videtur,
363 830 460 892 iuxta
490 830 575 913 legis
607 831 761 894 ordinem
794 850 907 894 coram
938 830 1073 894 duobus
1103 834 1164 895 aut
1193 831 1304 894 tribus

185 917 343 997 ingenuis
368 917 420 980 illi
446 919 624 999 consignes
649 921 726 982 octo
747 921 885 982 tantum
902 918 1022 982 diebus
1046 919 1303 1002 possidendum

185 1006 235 1068 ita
270 1009 323 1079 ut,
360 1006 388 1068 si
425 1006 555 1088 aliquid
590 1007 638 1070 ibi
672 1007 890 1091 repositionis
926 1007 1096 1071 habeatur
1131 1011 1165 1071 et
1200 1007 1304 1071 anulo

185 1094 315 1156 domini
345 1087 423 1157 suih
451 1116 521 1157 non
550 1099 602 1159 est
626 1095 809 1178 signatum,
842 1100 981 1179 propter
1005 1095 1228 1159 auferendam
1254 1116 1304 1159 ex·

185 1183 398 1245 cusationem
432 1182 654 1246 rationalium
689 1204 749 1267 per
783 1183 861 1246 illos
896 1186 974 1247 octo
1005 1184 1077 1247 dies
1108 1184 1212 1247 anulo
1242 1188 1304 1248 tuo

185 1274 323 1332 maneat
347 1271 582 1352 obsignatum
609 1275 689 1335 ante
699 1277 709 1307 ¹'
730 1292 810 1336 vero
834 1271 923 1334 nihil
940 1271 1062 1335 exinde
1086 1271 1304 1354 aliquatenus

185 1359 373 1421 mitteretur.

268 1528 317 1585 Vl.
348 1528 517 1584 FLAVIUS
538 1529 777 1586 enosmsnsa
800 1529 1109 1585 REOOESSVINDUS
1129 1530 1216 1587 REX.

221 1641 279 1705 Ne
308 1642 557 1707 tricennale
585 1646 755 1727 tempus
784 1643 986 1728 inpediat
1014 1637 1262 1727 religatisl.

290 1747 428 1826 Quanto
467 1750 632 1833 pressuris
675 1751 831 1815 condicio
873 1753 1064 1834 urguetur⁰
1112 1746 1301 1827 humanal,

182 1839 281 1899 tanto
306 1838 424 1901 multis
448 1839 606 1903 remediis
629 1839 847 1903 clementiam
863 1839 1088 1923 principalem
1105 1839 1303 1903 necessitati

183 1925 359 1990 consulere
376 1927 475 1991 decet
492 1929 652 1992 humane.
689 1927 906 2011 Quapropter
924 1948 999 1991 oum
1017 1927 1160 2009 quisque
1177 1927 1302 1990 nobilis

182 2014 293 2095 adque
323 2015 466 2079 inferior
495 2017 667 2097 ingenuus
698 2017 768 2080 sive
799 2016 904 2080 etiam
928 2035 1044 2079 servus
1067 2015 1162 2097 regio
1187 2016 1297 2078 iusso⁰

182 2102 218 2162 in
243 2103 433 2166 custodiam
457 2103 512 2167 vel
536 2105 572 2166 in
596 2104 738 2167 exilium
761 2103 915 2167 extiterit
939 2104 1135 2186 deputatus,
1168 2107 1203 2167 et
1227 2124 1303 2167 con-

149 2239 153 2250 .
181 2189 296 2269 tingat
331 2211 409 2253 eum
441 2192 647 2274 quandoque
683 2194 744 2254 aut
779 2190 1017 2255 liberationem
1053 2191 1206 2255 invenire
1242 2195 1302 2255 aut

182 2278 226 2340 ad
236 2270 247 2311 f
264 2284 345 2341 suaa
363 2278 454 2341 bona
469 2281 603 2354 reverti,
624 2280 673 2342 sia
690 2300 940 2362 quamcumque
955 2300 1026 2344 rem
1044 2280 1080 2342 in
1095 2281 1302 2364 repetitione

181 2367 319 2429 videtur
343 2367 479 2444 habere,
503 2389 573 2432 non
597 2369 679 2431 illut
702 2373 839 2453 tempus
858 2389 919 2452 pro
935 2368 1119 2433 tricennali
1136 2369 1191 2433 rel
1207 2370 1302 2452 quin-

181 2456 383 2537 qrraginario
414 2477 580 2521 annorum
611 2479 754 2523 numero
788 2459 825 2520 in
856 2457 929 2521 eius
960 2459 1096 2522 actione
1126 2459 1300 2541 iungatur,

181 2545 273 2627 quod
297 2545 368 2629 ipse
393 2546 429 2609 in
453 2547 645 2611 custodiam
669 2548 724 2612 vel
747 2547 941 2611 inexilium
965 2547 1071 2612 fuisse
1096 2547 1299 2624 dinoscitur;

181 2634 240 2697 sed
271 2639 430 2699 remoror
462 2636 556 2700 omni
586 2636 669 2700 illoa
696 2640 860 2720 tempore,
893 2657 960 2719 quo
991 2637 1167 2701 evidenter
1191 2637 1301 2700 eidem

181 2742 324 2806 persone
354 2725 391 2787 in
419 2725 584 2808 pressuris
609 2726 703 2789 etin
728 2725 872 2809 penuria
900 2725 1088 2789 constitute
1117 2725 1182 2788 sibi
1211 2725 1301 2788 debi-

179 2815 254 2874 tum
279 2814 457 2893 negotium
480 2814 577 2896 sequi
601 2835 669 2877 non
693 2814 802 2877 licuit.
850 2813 902 2877 De
927 2817 1041 2878 cetero
1065 2814 1162 2876 iuxta
1186 2813 1300 2895 legum

181 2900 319 2963 decreta
343 2900 396 2964 vel
420 2905 556 3024 ternpus
587 2902 621 2964 in
647 2903 720 2965 eius
745 2901 938 2965 actionibus
969 2900 1089 2983 legalis
1121 2902 1204 2964 ordo
1235 2923 1300 2964 rna·

180 2991 262 3051 neat
286 2989 495 3052 constitutus
514 2995 534 3050 ¹.

237 3252 305 3314 III.
323 3252 536 3316 TITULUS:
569 3253 631 3316 Da
655 3253 883 3317 TERMINIS
907 3254 964 3317 ΕΤ
988 3253 1244 3318 LIMITIBUS.

276 3378 304 3438 Ι.
340 3377 389 3440 Ut
412 3378 551 3442 termini
575 3382 610 3442 et
635 3377 761 3442 limites
787 3382 1039 3443 conserventur.

256 3466 304 3528 H.
340 3466 392 3531 De
417 3467 555 3530 conlisis
579 3471 614 3532 et
638 3467 763 3532 evulsis
788 3468 965 3531 limitibus.

234 3556 302 3617 ΙΙΙ.
339 3554 430 3634 Quid
450 3556 689 3632 observemus,
715 3557 743 3620 si
767 3558 809 3621 de
832 3557 989 3621 terminis
1015 3557 1192 3621 contentio
1216 3557 1299 3620 oria·

216 3733 302 3796 IIII.
337 3648 494 3885 {Sirplter
524 3735 616 3799 intra
646 3736 811 3800 terminos
845 3735 975 3799 alienos
1010 3735 1183 3818 possidere
1220 3735 1298 3799 ‹lici-

261 3911 300 3972 V.
338 3844 395 3984 &atr
424 3871 452 3974 si
477 3912 593 3994 aliqua
616 3932 694 3996 pars
719 3913 761 3977 de
785 3912 872 3976 alio⁰
902 3913 977 3976 loco
1000 3916 1155 3996 tempore
1178 3912 1298 3976 Roma·

338 4020 460 4061 norum
484 4005 617 4064 remota
640 4006 702 4075 est,
727 4001 777 4065 ita
800 3995 1000 4083 persistatl.

285 4194 307 4236 q)
322 4188 378 4236 pont
394 4189 413 4226 R
423 4190 441 4230 2.
497 4194 516 4233 r)
530 4190 586 4226 deest
601 4189 646 4230 Bt.
701 4190 720 4239 s)
734 4195 801 4229 antea
816 4191 835 4229 R
845 4192 863 4232 tl.

286 4242 323 4282 Vl.
369 4242 461 4291 ameum
477 4242 521 4282 nr.
590 4241 612 4285 b)
628 4243 732 4289 relegatis
747 4243 794 4284 Rs.
863 4249 882 4290 r)
898 4253 978 4288 nrm-ro
994 4243 1040 4283 ns.
1109 4239 1297 4287 maurusium.

178 4295 338 4339 vrlrnsulr't.
393 4295 499 4341 flam.
554 4296 730 4343 mrornotlltl.
786 4296 808 4342 h)
823 4297 969 4335 constitutum
986 4296 1030 4336 1r1.

284 4348 392 4390 'l'l'1'.lll.
427 4348 674 4394 mulnarvenmrltl.
717 4346 905 4393 indicaturllt,
947 4348 1096 4397 cntinuolr'.
1144 4344 1297 4394 (bamam.
