3000 4934
238 381 290 435 198
415 376 493 430 LEX
511 374 626 432 VISIG.
645 373 915 431 Ruocussvlrm,
952 373 1004 443 VI,
1023 378 1048 443 5,
1067 378 1179 431 12-14.

238 563 299 624 aut
323 560 351 622 si
375 581 445 623 non
468 558 664 636 habuerint,
688 559 780 622 unde
805 560 1012 641 conponant,
1037 558 1236 641 perenniter
1260 560 1366 623 servi-

236 649 307 711 turi
329 649 525 712 tradantur.

308 819 413 875 XIII.a
446 817 614 874 FLAVIUS
634 816 847 872 GLORIOSUS
865 816 1176 872 REGGESSVINDUS
1195 817 1283 874 REX.

237 931 297 994 Ne
333 930 472 993 liceat
506 950 816 1012 quemcumque
851 949 1021 993 servum
1050 930 1120 993 vel
1150 930 1366 994 ancillam

333 1011 625 1101 quacumqueb
659 1018 857 1101 corporis
887 1022 1012 1103 parte
1042 1021 1262 1083 truncare.

345 1124 542 1209 Superiori1
569 1125 646 1207 lege
670 1125 887 1189 dominorum
909 1125 1115 1188 indiscreta⁰
1144 1125 1286 1189 sevitia⁰
1317 1121 1360 1188 a‘1

238 1207 433 1278 servorum(l
460 1214 649 1277 occisione⁰
677 1213 897 1296 privabimus.
944 1212 1017 1277 Nec
1042 1214 1146 1276 etiam
1174 1208 1360 1296 imaginisf

238 1303 304 1366 Dei
334 1302 598 1387 plasmationem
629 1301 836 1376 adulterent,
869 1302 951 1363 dum
980 1301 1017 1363 in
1045 1301 1192 1365 subditis
1216 1302 1364 1366 crudeli-

236 1393 328 1455 tates
359 1411 436 1454 suas
467 1394 636 1466 exercent,
669 1389 945 1454 debilitationem
969 1410 1152 1473 corporum
1179 1391 1364 1474 prohiben-

239 1481 318 1543 dam
338 1480 502 1563 oportuit.
549 1479 634 1543 Ideo
658 1479 881 1555 decernimus,
906 1481 946 1540 ut
970 1480 1175 1561 quicumque
1200 1480 1363 1544 dominus

239 1568 419 1650 dominare
457 1568 585 1649 absque
624 1568 747 1630 iudicis
787 1567 1039 1631 examinatione
1075 1571 1111 1631 et
1145 1568 1362 1632 manifestog

238 1656 365 1720 scelere
389 1677 485 1719 servo
509 1676 570 1719 suo
593 1656 650 1719 vel
673 1655 798 1719 ancille
826 1649 1000 1734 manumh,
1030 1649 1186 1733 nasumh,
1216 1656 1362 1734 labium,

237 1744 402 1827 linguam,
429 1764 544 1808 aurern
570 1745 674 1808 etiarn
697 1744 753 1808 vel
776 1746 900 1828 pedem
924 1745 1119 1822 absciderit,
1145 1748 1205 1808 aut
1221 1745 1364 1808 oculum

238 1833 414 1910 evulserit,
452 1853 512 1896 seu
547 1853 761 1915 quacumque
794 1836 892 1916 parte
923 1835 1073 1916 corporis
1104 1835 1365 1898 detruncaverit

238 1924 300 1985 aut
328 1921 527 1985 detruncari
549 1922 605 1986 vel
629 1923 792 2004 extirpari
821 1923 1026 2005 preceperit,
1055 1923 1163 1985 trium
1191 1943 1365 1986 annorum

238 2011 340 2074 exilio
364 2012 428 2074 sub
452 2011 646 2094 penitentia
669 2011 837 2093 religetur
860 2015 944 2094 aput
968 2012 1175 2095 episcopum,
1202 2012 1239 2073 in
1263 2013 1364 2075 cuius

237 2100 411 2164 territorio
435 2103 496 2163 aut
518 2093 609 2182 ipsei
633 2120 771 2164 manere
800 2101 860 2162 aut
883 2099 1016 2163 factum
1040 2100 1151 2163 scelus
1175 2120 1247 2164 esse
1269 2100 1364 2164 vide-

237 2191 305 2251 tur.
354 2187 500 2252 Omnem
522 2209 602 2252 vero
630 2189 836 2252 facultatem
864 2188 980 2271 ipsine,
1013 2189 1041 2251 si
1069 2189 1159 2252 filios
1187 2189 1362 2267 habuerit,

239 2277 298 2358 qui
320 2279 439 2341 tamen
461 2299 531 2340 non
555 2271 663 2340 suntk
689 2271 844 2341 scelerisl
875 2277 947 2340 eius
970 2278 1165 2360 participes
1193 2281 1365 2341 tueantur

239 2365 350 2447 adque
381 2365 589 2446 gubernent,
624 2366 808 2442 reddituri,
841 2386 919 2428 cum
949 2366 1105 2443 redierit,
1140 2367 1190 2430 rei
1221 2367 1363 2432 domino

238 2454 418 2516 rationem.
466 2453 503 2516 si
527 2457 619 2517 certe
643 2452 707 2515 filii
730 2454 878 2536 legitimi
901 2455 1085 2532 defuerint,
1112 2455 1188 2519 aliis
1212 2458 1363 2538 parenti·

239 2542 303 2604 bus
326 2542 377 2604 ita
399 2542 503 2605 iudex
526 2541 706 2605 facultatis
723 2543 796 2606 eius
812 2543 1036 2607 custodiamm
1052 2545 1256 2621 committat,
1281 2566 1364 2627 qua·

238 2629 328 2705 liter,
360 2650 438 2693 cum
467 2631 618 2706 redierit,
650 2631 692 2694 de
721 2631 824 2694 rebus
855 2633 924 2695 suis
953 2634 1042 2696 ratio
1073 2632 1150 2696 illin
1182 2634 1362 2698 reddatur.

239 2718 300 2781 Sin
324 2720 441 2781 autem
464 2718 582 2782 nullus
606 2721 648 2784 de
672 2721 834 2804 proximis
863 2720 980 2798 fuerit,
1010 2722 1114 2786 iudex
1141 2723 1213 2806 ipse
1242 2742 1364 2787 curam

238 2806 391 2883 habebit,
416 2808 565 2889 qualiter
588 2813 643 2872 et⁰
664 2813 790 2872 cuncta
813 2810 983 2891 gubernet
1002 2812 1113 2893 adque
1131 2815 1308 2876 conservet
1325 2816 1363 2877 et

238 2897 281 2960 de
306 2897 435 2959 eisdem
458 2900 578 2981 postea
599 2898 770 2963 rationem
792 2899 926 2962 reddat.

414 3068 536 3125 XIIII.a
569 3068 738 3124 FLAVIUS
757 3068 1071 3125 OHINDASVINDUS
1090 3070 1177 3127 REX.

309 3181 365 3244 Ut
395 3175 663 3246 homicidasb
696 3183 870 3246 cunctis
900 3182 1038 3246 liceat
1069 3204 1285 3248 accusare.

345 3288 382 3351 si
416 3289 625 3353 homicidam
658 3288 777 3352 nullus
812 3292 963 3366 accuset,
1004 3290 1121 3366 iudex,
1159 3312 1238 3354 mox
1271 3291 1361 3355 facti

238 3377 367 3441 crimen
390 3377 579 3461 agnoverit,
604 3377 781 3441 licentiam
797 3378 925 3442 habeat
942 3378 1110 3462 corripere
1128 3379 1358 3458 criminosum,

343 3567 405 3608 XIII.
446 3569 468 3617 a)
483 3568 526 3605 XII
540 3567 586 3609 Rl.
655 3567 677 3614 b)
692 3577 832 3615 quecumque
846 3569 892 3610 Rl.
965 3572 987 3616 c)
1001 3570 1014 3611 i.
1029 3570 1125 3609 servitia
1139 3570 1190 3619 1213
1212 3567 1360 3609 indiscretam

236 3619 377 3661 sinistam,
431 3618 816 3669 d)adservorumR2;dcr.R1.
866 3623 887 3667 c)
901 3623 1019 3662 accisione
1034 3624 1080 3664 ΕΙ.
1134 3624 1191 3670 sliu
1205 3623 1290 3671 magnis
1305 3624 1358 3674 1213

236 3672 345 3721 imagines
360 3673 409 3715 1³2.
456 3675 478 3721 g)
493 3673 637 3712 manifestato
652 3674 700 3715 122.
748 3674 771 3720 h)
785 3683 860 3723 manu,
875 3685 932 3713 nasu
946 3677 993 3719 121,
1048 3677 1064 3724 i)
1078 3687 1102 3715 se
1116 3677 1162 3718 121.
1212 3676 1236 3723 k)
1250 3676 1360 3719 slntRI.

236 3725 252 3773 l)
266 3726 347 3765 sceleri
358 3725 405 3764 eius
420 3726 469 3768 Μ.
523 3728 554 3773 m)
568 3724 739 3765 custodiendam
753 3727 802 3768 122.
856 3729 880 3776 n)
894 3728 938 3767 illis
953 3729 1002 3771 Ra.
1057 3731 1079 3778 o)
1092 3730 1149 3768 aaa
1163 3730 1209 3771 Rl.

343 3779 418 3820 XIIII.
459 3781 481 3826 a)
495 3779 551 3817 XIII
565 3780 611 3820 Rl.
665 3779 688 3827 b)
703 3778 816 3819 homicida
829 3781 878 3822 132.

237 3919 263 3986 1)
280 3920 356 3971 Recte
373 3922 477 3972 monuit
494 3920 586 3986 Dabo,
608 3921 730 3987 ‘Kdnipc’
748 3921 789 3972 VI
794 3921 812 3988 ²,
834 3941 862 3990 p.
883 3924 944 3990 198,
968 3941 994 3978 n.
1010 3927 1034 3991 7,
1061 3925 1098 3976 ad
1121 3924 1190 3976 hunc
1214 3925 1294 3990 lepem
1316 3941 1360 3976 rc·

235 3991 347 4054 ferendo
364 4007 418 4043 eece
435 3992 521 4058 verbo,
541 4009 608 4058 quoe
625 4000 731 4045 castam
750 3995 780 4044 in
801 3993 875 4048 Coae.
895 3995 1007 4050 Emerit.
1026 4000 1065 4062 (a.
1080 3997 1147 4060 666)
1165 4011 1185 4048 o.
1201 3998 1248 4050 15:
1268 3992 1298 4047 Si
1316 4010 1359 4046 re-

234 4061 303 4128 galis
328 4060 415 4129 pietas
439 4079 490 4130 pro
516 4063 604 4116 salute
629 4063 772 4116 hominum
798 4081 908 4117 suarum
934 4065 1026 4135 legum
1052 4065 1164 4135 dignata
1190 4069 1231 4118 est
1255 4080 1359 4133 ponere

236 4131 346 4185 decreta
368 4140 413 4188 etc.
449 4132 572 4202 Ideoque
595 4135 698 4203 placuit
721 4134 784 4188 huic
807 4139 902 4189 sancto
926 4137 1049 4204 concili0,
1073 4141 1105 4190 ut
1128 4136 1216 4189 omnis
1238 4139 1359 4204 potestas

236 4203 395 4272 episcopalis
417 4204 531 4258 modum
554 4223 619 4259 suae
641 4210 727 4274 ponat
749 4207 806 4259 irae
829 4224 881 4260 nec
903 4224 953 4275 pro
973 4207 1097 4275 quolibet
1115 4224 1227 4261 excessu
1246 4206 1359 4261 cuilibet

236 4291 270 4327 ex
287 4274 391 4328 familia
409 4276 538 4329 ecclesiae
557 4277 667 4344 aliquod
681 4277 802 4345 corporis
815 4278 1003 4331 membrorum
1022 4296 1071 4332 sua
1090 4279 1262 4332 ordinatione
1280 4295 1358 4346 prae·

235 4350 325 4400 sumat
343 4346 480 4415 extirpare
499 4350 546 4400 aut
564 4347 680 4403 auferre.
