3000 4934
283 442 285 447 .
318 372 395 427 LEX
413 373 530 430 VISIG.
549 372 817 429 Rsccnssvlrln.
855 370 937 439 VIII,
958 375 982 441 1,
1001 374 1098 428 9-12.
1217 374 1269 427 231

151 557 293 620 comites
315 555 371 620 vel
394 558 526 621 iudices
550 560 612 619 aut
633 555 728 620 vilici
751 549 903 619 istudio‘l
922 575 983 618 suo
1006 575 1076 617 non
1096 556 1273 617 morentur

149 645 371 728 inpendere0,
400 647 482 729 quia
504 645 696 729 provincias
719 646 854 708 nostras
878 664 948 707 non
970 642 1129 706 volumus
1153 640 1273 704 hostili

150 734 353 816 predatione
376 735 515 798 vastari.

571 905 607 959 x.
637 902 851 973 auricula.

184 1018 240 1081 Ut
271 1019 413 1082 socios
444 1011 567 1082 suosb
599 1017 809 1092 nominet,
842 1017 947 1098 aput
977 1034 1098 1097 quem
1130 1032 1228 1096 pars

355 1107 509 1189 rapine
536 1107 743 1169 inventa³
772 1103 1067 1186 cognoscitur.

259 1213 356 1296 Aput
384 1232 486 1294 quem
514 1211 625 1275 scelus
654 1212 715 1273 aut
743 1230 821 1293 pars
848 1210 968 1292 rapine
991 1209 1099 1272 fuerit
1121 1208 1273 1283 inventa,

152 1302 304 1363 istatim⁰
326 1301 434 1363 socios
459 1319 537 1363 suos
556 1299 733 1362 nominare
751 1301 904 1381 cogatur.
942 1296 1018 1375 Qui,
1044 1297 1072 1359 si
1096 1296 1274 1360 nominare

152 1388 313 1465 noluerit,
336 1391 499 1452 teneatur
523 1389 566 1450 ad
590 1387 790 1451 vindictam.
826 1384 926 1464 Quod
951 1386 979 1449 si
1002 1385 1179 1450 honestior
1203 1403 1275 1467 per-

153 1498 236 1540 sona
252 1481 313 1552 est,
335 1480 396 1540 aut
412 1497 473 1560 pro
488 1471 652 1540 iscelere‘1
671 1476 841 1539 rationem
856 1474 981 1538 reddat
997 1476 1058 1538 aut
1074 1494 1140 1557 que
1157 1472 1276 1536 ablata

152 1566 207 1629 vel
236 1586 352 1647 eversa
381 1566 533 1629 fuerinte
566 1564 755 1648 undecupli
783 1563 1018 1647 conpositione
1048 1562 1212 1626 restituat
1240 1564 1275 1626 et

153 1654 328 1738 Opublice
344 1653 483 1738 flagella
499 1653 674 1736 suscipiat.
715 1652 752 1716 Si
776 1655 869 1716 certe
893 1654 978 1734 aput
1001 1671 1135 1716 servum
1154 1651 1275 1734 rapine

152 1763 230 1826 pars
253 1744 480 1827 repperiatur,
506 1753 550 1808 00
566 1741 705 1825 flagella
721 1741 859 1825 publice
883 1743 1043 1804 extensus
1068 1740 1216 1823 accipiat
1240 1741 1275 1802 et

153 1833 261 1895 socios
285 1852 363 1895 suos
386 1831 564 1895 nominare
588 1851 658 1894 non
682 1823 831 1894 differat.

562 2035 614 2091 m.
645 2034 860 2103 ANTIQUAa.

154 2150 214 2212 De
238 2150 321 2225 his,
347 2149 420 2231 qui
444 2147 699 2231 diripienda
721 2147 921 2210 indicare
945 2145 1274 2230 repperiuntur.

262 2271 477 2354 Quicumque
506 2271 678 2354 ingenuus
705 2270 761 2334 vel
789 2290 906 2334 servus
937 2270 1053 2352 aliqua
1083 2269 1277 2352 diripienda

34 2402 39 2410 ·
154 2353 396 2438 mdicaverirb,
427 2359 502 2424 vel⁰
536 2363 578 2423 ut
613 2359 857 2441 cuiuscumque
891 2379 946 2423 res
981 2353 1181 2442 evertatur‘l
1215 2359 1276 2420 aut

155 2470 279 2533 pecora
301 2449 355 2515 vel
380 2449 536 2514 iumenta
559 2448 777 2532 diripiantur,
808 2451 843 2512 et
871 2467 913 2512 ex
940 2447 1006 2512 hoo
1032 2447 1135 2512 certis
1158 2446 1276 2530 proba-

154 2539 310 2604 tionibus
323 2538 461 2623 publice
484 2537 661 2602 convictus
683 2537 890 2614 inveniatur,
915 2557 978 2622 pro
1002 2555 1052 2615 eo,
1077 2535 1169 2618 quod
1191 2535 1277 2598 indi-

155 2628 293 2707 caverit,
318 2638 340 2692 0
363 2626 502 2711 flagella
525 2626 664 2710 publice
688 2629 849 2690 extensus
873 2625 1055 2709 accipiat0.

558 2849 626 2907 XII.
656 2848 871 2918 ANTIQUAa

155 2963 215 3026 De
250 2963 334 3037 his,
374 2963 447 3044 qui
482 2961 725 3025 itineranti
759 2961 829 3025 vel
863 2962 906 3024 in
941 2981 1071 3044 opere
1106 2960 1276 3022 rustico

156 3052 405 3114 constituto
434 3049 606 3132 aliquid
634 3049 909 3114 abstulerint
931 3049 1000 3113 vel
1028 3048 1276 3112 molestiam

447 3137 617 3202 inferre
647 3137 979 3223 presumserint.

264 3242 332 3323 Qui
359 3244 396 3306 in
423 3243 548 3309 itinere
575 3243 631 3308 vel
658 3245 696 3307 in
723 3263 826 3327 opere
850 3243 979 3307 rustico
1003 3243 1194 3308 constituto
1218 3242 1276 3305 ali-

155 3333 238 3415 quid
258 3332 429 3397 violenter
451 3331 612 3396 intulerit
634 3332 690 3397 vel
713 3331 907 3409 abstulerit,
931 3332 993 3397 ubi
1016 3353 1058 3396 ex
1081 3331 1147 3396 hoc
1170 3331 1277 3395 iudici

154 3422 262 3486 fuerit
284 3421 557 3506 interpellatum,
580 3420 651 3498 ille,
676 3421 736 3503 qui
759 3420 952 3498 abstulerit,
976 3420 1209 3504 quadruplum
1229 3440 1295 3485 re.

155 3511 288 3588 stituat,
314 3512 376 3574 aut
399 3510 428 3574 si
451 3507 540 3573 aliut
561 3509 694 3593 aliquid
709 3509 802 3574 cedis
817 3510 873 3574 vel
890 3509 1007 3573 damni
1030 3509 1163 3585 fecerit,
1187 3508 1277 3592 lega·

154 3600 236 3663 liter
263 3598 467 3664 satisfaciat.
515 3597 615 3678 Quod
643 3598 673 3662 si
700 3599 766 3663 hoc
794 3617 910 3663 servus
939 3598 1079 3662 domino
1101 3598 1276 3662 nesciente

155 3688 361 3766 conmiserit,
386 3691 423 3753 et
445 3698 467 3753 0
489 3687 630 3772 flagella
652 3687 827 3771 suscipiat,
852 3690 888 3752 et
912 3686 1071 3751 dominus
1094 3707 1156 3772 pro
1180 3706 1277 3752 servo

155 3777 427 3861 conpositionem
470 3777 617 3841 exolvat.
682 3775 774 3840 Nam
813 3776 842 3840 si
881 3776 1040 3840 dominus
1084 3794 1276 3859 conponere

155 3866 314 3943 noluerit,
340 3885 476 3930 servum
498 3866 635 3931 tradere
659 3885 730 3930 non
751 3858 927 3930 recusetb.

262 4087 440 4141 d)rtudloB2.
495 4089 707 4142 enumerem.

262 4144 288 4185 X.
336 4146 359 4192 a)
375 4143 432 4182 dccet
450 4144 500 4187 ΒΞ.
580 4143 604 4192 b)
621 4143 679 4183 dccet
696 4144 742 4186 121.
824 4146 845 4193 c)
864 4143 941 4184 rtatim
957 4144 1006 4187 ΒΞ.
1087 4137 1111 4190 d)
1128 4141 1278 4184 scolarem.

155 4201 176 4244 e)
191 4196 363 4297 floranllllnb)
376 4249 433 4288 decet
447 4249 496 4292 Bt.
543 4249 566 4297 b)
580 4246 795 4293 indicaverintRl.
843 4251 864 4298 c)
878 4250 934 4289 deest
949 4249 995 4293 m.
1046 4246 1069 4297 d)
1083 4251 1215 4288 scrutatur
1229 4247 1278 4289 Bt.

155 4305 176 4349 e)
190 4302 240 4343 unit
255 4303 375 4404 allillnb)
389 4356 446 4395 docet
460 4355 509 4399 Bt.
562 4356 586 4404 b)
600 4360 718 4396 recusetur
732 4356 780 4398 121.
