3000 4934
344 367 421 422 LEX
440 363 556 422 VISIG.
575 363 844 422 REOOESSVIND.
881 364 948 433 VH,
966 369 992 434 4,
1011 368 1090 423 2-4.
1225 369 1278 422 217

574 541 612 599 Π.
643 540 856 611 muroena.

156 641 212 704 Ut
236 660 375 704 eomes
396 639 537 703 iudici
557 636 772 702 auxilium
795 637 979 721 prebeat
1002 657 1078 721 pro
1103 656 1278 721 oonpre-

327 727 574 792 hendendis
597 727 640 789 in
665 726 846 790 crimine
870 726 1104 790 accusatis.

263 834 430 915 Quotiens
447 832 558 899 Gotus
582 854 642 898 seu
665 832 812 916 quilibet
835 833 873 896 in
896 833 1048 910 crimine,
1073 834 1135 896 aut
1157 833 1194 895 in
1209 832 1278 895 tur·

155 917 251 987 tumb
271 927 333 987 aut
356 924 393 986 in
409 923 525 1006 aliquo
545 922 721 999 iseeler00,
747 924 938 999 accusatur,
963 922 1007 985 ad
1024 921 1278 1005 corripiendum

156 1017 253 1078 eum⁰
274 1013 398 1078 iudex⁰
419 1013 630 1094 insequatur.
671 1009 772 1090 Quod
795 1011 824 1074 si
846 1011 938 1075 torte
961 1011 1034 1095 ipse
1058 1010 1162 1075 iudex
1185 1009 1278 1074 solus

156 1122 233 1166 eum
258 1101 537 1185 conprehendere
556 1100 612 1164 rel
636 1099 842 1183 distringere
864 1120 935 1164 non
959 1101 1083 1183 potest,
1108 1119 1129 1162 a
1153 1098 1277 1163 comite

156 1190 306 1254 civitatis
336 1192 459 1271 querat
489 1188 666 1264 auxilium,
698 1207 776 1251 cum
807 1187 873 1251 sibi
903 1186 995 1251 solus
1026 1188 1185 1252 sufficere
1207 1208 1278 1251 non

157 1278 274 1362 possit.
321 1277 401 1361 Ipse
424 1280 542 1341 tamen
566 1295 678 1341 comes
708 1275 762 1339 illi
785 1275 951 1339 auxilium
976 1276 1057 1340 dare
1080 1297 1151 1340 non
1174 1295 1278 1340 more·

155 1369 222 1443 tur,
248 1369 288 1430 ut
311 1365 463 1430 criminis
486 1383 564 1431 reus
587 1365 756 1429 insultare
779 1383 849 1428 non
872 1363 990 1448 possit.

564 1498 620 1557 111.
649 1497 864 1569 ANTIQUss.

187 1595 229 1659 Si
260 1615 477 1661 carcerem
507 1595 603 1680 quis
633 1595 815 1747 frapgatt
845 1597 920 1658 ant
950 1594 1127 1660 custodi
1155 1616 1245 1679 per·

616 1703 692 1748 sua
731 1704 778 1748 ea
804 1730 811 1746 .

262 1790 321 1855 Si1
343 1791 419 1874 quis
443 1811 614 1856 carcerem
638 1790 783 1876 fregerit
813 1794 875 1854 aut
898 1791 1035 1855 custodi
1057 1790 1276 1874 persuaserit,

153 1880 208 1943 vel
236 1880 309 1964 ipse
337 1881 547 1945 carcerarius
570 1883 632 1943 aut
656 1872 799 1945 custusb
827 1899 894 1957 eos,
925 1900 1009 1963 quos
1038 1879 1272 1963 compeditus⁰

154 1968 287 2046 habuit,
317 1969 389 2033 sine
417 1969 542 2034 iudicis
569 1969 754 2033 iussionem
778 1967 895 2051 aliqua
917 1967 1041 2031 fraude
1065 1966 1181 2031 laxare
1204 1987 1277 2050 pre-

155 2057 324 2134 sumserit,
361 2057 506 2121 candem
541 2077 665 2141 penam
698 2055 755 2120 vel
790 2056 964 2133 damnum,
1000 2056 1093 2138 quod
1127 2055 1194 2141 ipsi
1227 2055 1278 2119 rei

154 2146 295 2209 fuerant
318 2144 505 2229 excepturi,
531 2144 710 2208 sustineat.

557 2277 628 2335 1111.
659 2277 873 2349 surrouse.

155 2375 214 2440 De
237 2374 456 2441 tollendis
477 2375 711 2439 commodis
732 2374 782 2439 ab
804 2374 887 2452 his,
913 2375 986 2458 qui
1009 2375 1053 2437 in
1073 2375 1278 2440 custodia

581 2463 848 2528 retinentur.

260 2571 385 2648 Iudex,
421 2571 450 2634 si
482 2570 616 2655 aliquos
647 2570 685 2633 in
717 2571 875 2636 custodia
906 2564 1097 2648 tenueritb,
1129 2570 1184 2636 vel
1217 2572 1277 2655 qui

152 2680 228 2724 reos
252 2660 394 2744 capiunt
418 2663 498 2724 ant⁰
527 2660 771 2725 custodiendos
796 2660 1006 2745 accipiunt⁰,
1036 2659 1167 2738 abhis,
1192 2680 1277 2743 quos

152 2749 188 2811 in
212 2749 369 2813 custodia
398 2748 557 2814 miserint
585 2749 797 2826 innocentes,
827 2743 998 2813 ostiansi
1025 2749 1163 2813 nomine
1186 2749 1276 2812 nihil

152 2838 328 2920 requirant
361 2858 426 2902 nec
454 2858 517 2922 pro
545 2837 783 2902 absolutione⁰
812 2858 931 2902 eorum
958 2836 1090 2920 aliquid
1118 2837 1276 2902 beneficii

153 2929 416 3007 consequantur.
464 2923 558 3003 Quos
581 2945 661 2990 vero
686 2919 896 3009 culpavilesf
918 2926 956 2989 in
979 2926 1137 2990 custodia
1160 2927 1275 2990 tenue·

152 3014 233 3088 rint,
262 3034 323 3096 per
351 3012 514 3097 singulos,
544 3033 628 3097 quos
656 3013 808 3097 capiunt,
837 3014 990 3097 singulos
1012 3014 1186 3077 tremisses
1210 3014 1276 3079 sibi

154 3120 347 3183 presumere
376 3122 446 3165 non
469 3104 641 3166 vetentur.
688 3101 726 3165 Si
748 3122 829 3167 vero
856 3102 937 3165 talis
961 3101 1006 3165 sit
1029 3102 1176 3167 tortasse
1200 3122 1276 3167 con·

154 3188 250 3264 ditio,
274 3192 315 3251 ut
337 3188 408 3266 ille,
432 3189 493 3272 qui
516 3192 637 3273 captus
660 3190 785 3267 tuerat,
811 3191 855 3253 ad
879 3189 1103 3255 exolvendam
1124 3191 1276 3275 conposi-

152 3277 283 3341 tionem
313 3275 525 3355 relaxeturss,
560 3278 634 3362 ipse
665 3278 770 3342 iudex
800 3278 944 3344 eandem
975 3279 1273 3363 conpositionemss

119 3422 124 3434 .
153 3365 329 3450 conpellat
357 3366 493 3451 inpleri.
541 3359 640 3446 Quoi
668 3387 747 3431 cum
770 3368 815 3432 ad
838 3388 927 3445 eum,
957 3368 1014 3433 cui
1043 3367 1198 3446 debetur,
1231 3370 1275 3434 ad

152 3454 325 3538 integrum
360 3456 434 3540 ipso
468 3448 668 3520 insistentei
698 3449 927 3541 pervenerit¹,
963 3477 1026 3541 pro
1060 3456 1178 3522 labore
1212 3478 1275 3522 suo

153 3543 323 3608 decimum
347 3547 587 3628 consequatur.
634 3544 671 3610 si
694 3545 771 3629 quis
794 3544 952 3632 amplius,
984 3566 1088 3629 quam
1117 3566 1180 3611 nos
1210 3549 1275 3611 sta·

150 3633 290 3710 tuimus,
322 3634 478 3718 accipere
508 3634 655 3699 fortasse
684 3635 921 3719 presumserit,
953 3634 999 3712 ei,
1031 3635 1088 3700 oui
1118 3635 1273 3713 abstulit,

150 3722 274 3786 reddat
297 3722 334 3786 in
358 3722 513 3807 duplum.

258 3877 287 3919 n*
322 3881 344 3925 ⁸)
358 3877 414 3917 Μ
429 3879 478 3921 ⁸²·
525 3877 548 3927 b)
563 3879 623 3919 sum
637 3879 685 3922 Μ.
732 3882 752 3928 0)
766 3879 852 3919 scelere
867 3879 915 3922 Bt.
963 3876 987 3931 d)
1001 3877 1070 3919 iudex
1085 3879 1145 3919 seins
1160 3890 1211 3919 enm
1225 3881 1274 3923 aa.

151 3983 235 4032 petitor
249 3930 299 4027 ἐξ
340 3931 432 3982 *ΝΜ
447 3932 495 3974 Ba.
563 3933 586 3980 b)
601 3936 676 3973 custos
691 3932 740 3975 Bt.
808 3934 829 3982 e)
844 3933 876 3972 ita
889 3933 941 3984 1313
964 3931 1103 3983 compeditos
1117 3933 1139 3972 Ε
1147 3934 1199 3984 1,2;
1222 3944 1275 3972 eon-

257 4036 311 4079 1111.
351 4038 374 4085 s)
387 4037 444 4076 deest
457 4037 506 4080 1³2.
560 4037 583 4087 b)
597 4035 723 4079 detinuerit
736 4039 785 4082 stt.
837 4041 858 4088 e)
871 4043 912 4080 ent
926 4049 945 4082 e.
959 4049 1006 4082 see.
1020 4039 1121 4082 deaiti.
1176 4035 1199 4088 d)
1214 4043 1275 4080 cete-

150 4088 209 4127 nacii
224 4089 272 4130 Bt.
327 4092 349 4137 e)
363 4090 475 4131 solutione
489 4091 541 4141 313
560 4091 725 4132 absolutionem
740 4093 788 4136 Bit.
849 4092 1006 4143 oeulpsbiIes
1020 4092 1069 4135 Bt.
1127 4095 1150 4141 g)
1164 4093 1233 4135 relax.
1248 4113 1275 4123 -

150 4142 328 4192 conpositionem
342 4143 385 4185 dec.
399 4144 446 4186 Bt.
501 4144 524 4191 h)
539 4143 610 4191 Quem
624 4145 671 4188 121.
725 4143 742 4196 i)
756 4145 898 4187 insistentem
912 4146 1003 4187 venerit
1017 4146 1046 4189 sl.
1060 4156 1119 4188 mass,
1133 4146 1180 4188 121.

150 4265 178 4385 q)
185 4265 269 4404 ἐξῇ
287 4267 330 4318 lac
347 4283 381 4319 em
397 4269 457 4319 iure
468 4267 591 4320 Romano
602 4275 704 4336 recepto
717 4275 769 4332 est‚·
787 4271 822 4334 cf.
835 4269 867 4326 L.
880 4271 955 4324 Rom.
968 4270 1023 4324 Vis.
1038 4269 1065 4323 0.
1079 4269 1128 4325 Th.
1141 4269 1193 4337 IX,
1207 4271 1233 4334 2,
1247 4271 1273 4325 2.

166 4352 183 4387 n
261 4379 267 4392 ,
1249 4374 1251 4379 .
