<?xml version="1.0" encoding="UTF-8"?>
<!DOCTYPE html PUBLIC "-//W3C//DTD XHTML 1.0 Transitional//EN"
    "http://www.w3.org/TR/xhtml1/DTD/xhtml1-transitional.dtd">
<html xmlns="http://www.w3.org/1999/xhtml" xml:lang="en" lang="en">
 <head>
  <title>
</title>
<meta http-equiv="Content-Type" content="text/html;charset=utf-8" />
  <meta name='ocr-system' content='tesseract 3.04.00' />
  <meta name='ocr-capabilities' content='ocr_page ocr_carea ocr_par ocr_line ocrx_word'/>
</head>
<body>
  <div class='ocr_page' id='page_1' title='image "./fontesiurisgerm01unkngoog_0176.png"; bbox 0 0 2970 4928; ppageno 0'>
   <div class='ocr_carea' id='block_1_1' title="bbox 318 354 1246 424">
    <p class='ocr_par' dir='ltr' id='par_1_1' title="bbox 318 354 1246 424">
     <span class='ocr_line' id='line_1_1' title="bbox 318 354 1246 424; baseline 0.002 -13"><span class='ocrx_word' id='word_1_1' title='bbox 318 357 395 411; x_wconf 78' lang='lat' dir='ltr'>LEX</span> <span class='ocrx_word' id='word_1_2' title='bbox 413 355 528 411; x_wconf 78' lang='lat' dir='ltr'>visls.</span> <span class='ocrx_word' id='word_1_3' title='bbox 547 354 818 412; x_wconf 82' lang='lat' dir='ltr'><strong>REGOESSVIND.</strong></span> <span class='ocrx_word' id='word_1_4' title='bbox 854 355 924 422; x_wconf 86' lang='lat'>1111,</span> <span class='ocrx_word' id='word_1_5' title='bbox 942 359 968 424; x_wconf 81' lang='lat'>5,</span> <span class='ocrx_word' id='word_1_6' title='bbox 987 361 1013 413; x_wconf 81' lang='lat'>3.</span> <span class='ocrx_word' id='word_1_7' title='bbox 1031 360 1057 412; x_wconf 89' lang='grc'>4.</span> <span class='ocrx_word' id='word_1_8' title='bbox 1197 362 1246 414; x_wconf 85' lang='grc'>141</span> 
     </span>
    </p>
   </div>
   <div class='ocr_carea' id='block_1_2' title="bbox 77 538 1307 2724">
    <p class='ocr_par' dir='ltr' id='par_1_2' title="bbox 77 538 1307 2724">
     <span class='ocr_line' id='line_1_2' title="bbox 128 538 1248 626; baseline 0.001 -23"><span class='ocrx_word' id='word_1_9' title='bbox 128 542 330 626; x_wconf 88' lang='lat' dir='ltr'>plerumque</span> <span class='ocrx_word' id='word_1_10' title='bbox 346 540 534 623; x_wconf 87' lang='lat' dir='ltr'>parentalis</span> <span class='ocrx_word' id='word_1_11' title='bbox 551 539 722 603; x_wconf 75' lang='lat' dir='ltr'>calliditas</span> <span class='ocrx_word' id='word_1_12' title='bbox 739 538 855 621; x_wconf 85' lang='lat' dir='ltr'>exigit,</span> <span class='ocrx_word' id='word_1_13' title='bbox 880 538 915 601; x_wconf 90' lang='lat' dir='ltr'>id</span> <span class='ocrx_word' id='word_1_14' title='bbox 938 543 1093 623; x_wconf 88' lang='lat' dir='ltr'>tempore</span> <span class='ocrx_word' id='word_1_15' title='bbox 1114 541 1248 625; x_wconf 90' lang='lat' dir='ltr'>nuptia·</span> 
     </span>
     <span class='ocr_line' id='line_1_3' title="bbox 126 626 1307 710; baseline 0 -18"><span class='ocrx_word' id='word_1_16' title='bbox 126 651 204 692; x_wconf 91' lang='lat' dir='ltr'>rum</span> <span class='ocrx_word' id='word_1_17' title='bbox 228 628 307 691; x_wconf 89' lang='lat' dir='ltr'>filiis</span> <span class='ocrx_word' id='word_1_18' title='bbox 332 629 423 703; x_wconf 86' lang='lat' dir='ltr'>dare,</span> <span class='ocrx_word' id='word_1_19' title='bbox 448 629 540 710; x_wconf 93' lang='lat' dir='ltr'>quod</span> <span class='ocrx_word' id='word_1_20' title='bbox 563 628 847 709; x_wconf 81' lang='lat' dir='ltr'>quandocumque</span> <span class='ocrx_word' id='word_1_21' title='bbox 870 626 1044 691; x_wconf 85' lang='lat' dir='ltr'>voluerint</span> <span class='ocrx_word' id='word_1_22' title='bbox 1067 629 1248 693; x_wconf 81' lang='lat' dir='ltr'>auferendi</span> <span class='ocrx_word' id='word_1_23' title='bbox 1287 653 1307 692; x_wconf 79' lang='grc' dir='ltr'><strong>ο</strong></span> 
     </span>
     <span class='ocr_line' id='line_1_4' title="bbox 127 716 1247 801; baseline 0.001 -22"><span class='ocrx_word' id='word_1_24' title='bbox 127 717 280 781; x_wconf 89' lang='lat' dir='ltr'>habeant</span> <span class='ocrx_word' id='word_1_25' title='bbox 303 719 521 800; x_wconf 86' lang='lat' dir='ltr'>potestatem,</span> <span class='ocrx_word' id='word_1_26' title='bbox 551 717 717 798; x_wconf 84' lang='lat' dir='ltr'>abrogata</span> <span class='ocrx_word' id='word_1_27' title='bbox 741 716 900 799; x_wconf 80' lang='lat' dir='ltr'>deinceps</span> <span class='ocrx_word' id='word_1_28' title='bbox 925 716 1053 795; x_wconf 87' lang='lat' dir='ltr'>eadem,</span> <span class='ocrx_word' id='word_1_29' title='bbox 1085 738 1153 799; x_wconf 89' lang='lat' dir='ltr'>qua</span> <span class='ocrx_word' id='word_1_30' title='bbox 1175 738 1247 801; x_wconf 90' lang='lat' dir='ltr'>pre·</span> 
     </span>
     <span class='ocr_line' id='line_1_5' title="bbox 127 799 1247 889; baseline -0.002 -20"><span class='ocrx_word' id='word_1_31' title='bbox 127 799 280 869; x_wconf 82' lang='lat' dir='ltr'>dictumb</span> <span class='ocrx_word' id='word_1_32' title='bbox 297 809 358 881; x_wconf 88' lang='lat' dir='ltr'>est,</span> <span class='ocrx_word' id='word_1_33' title='bbox 376 807 560 888; x_wconf 89' lang='lat' dir='ltr'>parentum</span> <span class='ocrx_word' id='word_1_34' title='bbox 576 803 778 879; x_wconf 84' lang='lat' dir='ltr'>calliditate,</span> <span class='ocrx_word' id='word_1_35' title='bbox 796 804 861 866; x_wconf 86' lang='lat' dir='ltr'>hac</span> <span class='ocrx_word' id='word_1_36' title='bbox 878 805 1047 888; x_wconf 83' lang='lat' dir='ltr'>perpetim</span> <span class='ocrx_word' id='word_1_37' title='bbox 1063 804 1139 889; x_wconf 84' lang='lat' dir='ltr'>lege</span> <span class='ocrx_word' id='word_1_38' title='bbox 1155 827 1247 869; x_wconf 91' lang='lat' dir='ltr'>man-</span> 
     </span>
     <span class='ocr_line' id='line_1_6' title="bbox 77 892 1246 977; baseline 0.003 -24"><span class='ocrx_word' id='word_1_39' title='bbox 77 927 99 960; x_wconf 49' lang='grc'>1,</span> <span class='ocrx_word' id='word_1_40' title='bbox 127 898 264 957; x_wconf 80' lang='lat' dir='ltr'>surum⁰</span> <span class='ocrx_word' id='word_1_41' title='bbox 288 893 484 977; x_wconf 84' lang='lat' dir='ltr'>peremnia</span> <span class='ocrx_word' id='word_1_42' title='bbox 506 893 678 957; x_wconf 84' lang='lat' dir='ltr'>noverint:</span> <span class='ocrx_word' id='word_1_43' title='bbox 704 896 753 967; x_wconf 88' lang='lat' dir='ltr'>ut,</span> <span class='ocrx_word' id='word_1_44' title='bbox 779 893 807 955; x_wconf 92' lang='lat' dir='ltr'>si</span> <span class='ocrx_word' id='word_1_45' title='bbox 831 892 914 975; x_wconf 93' lang='lat' dir='ltr'>quid</span> <span class='ocrx_word' id='word_1_46' title='bbox 938 912 998 956; x_wconf 89' lang='lat' dir='ltr'>seu</span> <span class='ocrx_word' id='word_1_47' title='bbox 1022 913 1082 977; x_wconf 92' lang='lat' dir='ltr'>per</span> <span class='ocrx_word' id='word_1_48' title='bbox 1105 895 1246 977; x_wconf 92' lang='lat' dir='ltr'>scriptu·</span> 
     </span>
     <span class='ocr_line' id='line_1_7' title="bbox 125 980 1246 1065; baseline -0.001 -18"><span class='ocrx_word' id='word_1_49' title='bbox 125 1004 200 1047; x_wconf 87' lang='lat' dir='ltr'>ram</span> <span class='ocrx_word' id='word_1_50' title='bbox 223 983 293 1045; x_wconf 83' lang='lat' dir='ltr'>sive</span> <span class='ocrx_word' id='word_1_51' title='bbox 317 1003 378 1065; x_wconf 89' lang='lat' dir='ltr'>per</span> <span class='ocrx_word' id='word_1_52' title='bbox 392 981 615 1045; x_wconf 73' lang='lat' dir='ltr'>traditionem</span> <span class='ocrx_word' id='word_1_53' title='bbox 631 980 681 1044; x_wconf 91' lang='lat' dir='ltr'>rei</span> <span class='ocrx_word' id='word_1_54' title='bbox 697 1014 739 1022; x_wconf 92' lang='lat'><em>-</em></span> <span class='ocrx_word' id='word_1_55' title='bbox 757 983 853 1044; x_wconf 83' lang='lat' dir='ltr'>extra</span> <span class='ocrx_word' id='word_1_56' title='bbox 869 981 961 1062; x_wconf 92' lang='lat' dir='ltr'>quod</span> <span class='ocrx_word' id='word_1_57' title='bbox 983 980 1020 1043; x_wconf 94' lang='lat' dir='ltr'>in</span> <span class='ocrx_word' id='word_1_58' title='bbox 1037 983 1246 1047; x_wconf 76' lang='lat' dir='ltr'>ornamentis</span> 
     </span>
     <span class='ocr_line' id='line_1_8' title="bbox 126 1064 1246 1153; baseline 0 -19"><span class='ocrx_word' id='word_1_59' title='bbox 126 1075 188 1134; x_wconf 84' lang='lat' dir='ltr'>aut</span> <span class='ocrx_word' id='word_1_60' title='bbox 217 1070 431 1134; x_wconf 83' lang='lat' dir='ltr'>vestimentis</span> <span class='ocrx_word' id='word_1_61' title='bbox 460 1064 541 1132; x_wconf 80' lang='lat' dir='ltr'>veld</span> <span class='ocrx_word' id='word_1_62' title='bbox 572 1068 713 1150; x_wconf 90' lang='lat' dir='ltr'>reliquis</span> <span class='ocrx_word' id='word_1_63' title='bbox 743 1068 935 1153; x_wconf 76' lang='lat' dir='ltr'>speciebus,</span> <span class='ocrx_word' id='word_1_64' title='bbox 967 1069 1057 1132; x_wconf 91' lang='lat' dir='ltr'>sicut</span> <span class='ocrx_word' id='word_1_65' title='bbox 1087 1071 1162 1134; x_wconf 89' lang='lat' dir='ltr'>fieri</span> <span class='ocrx_word' id='word_1_66' title='bbox 1191 1071 1246 1134; x_wconf 88' lang='lat' dir='ltr'>ad·</span> 
     </span>
     <span class='ocr_line' id='line_1_9' title="bbox 126 1157 1246 1242; baseline -0.002 -19"><span class='ocrx_word' id='word_1_67' title='bbox 126 1158 247 1234; x_wconf 57' lang='lat' dir='ltr'>solete,</span> <span class='ocrx_word' id='word_1_68' title='bbox 276 1179 338 1242; x_wconf 91' lang='lat' dir='ltr'>pro</span> <span class='ocrx_word' id='word_1_69' title='bbox 363 1158 533 1240; x_wconf 82' lang='lat' dir='ltr'>dignitate</span> <span class='ocrx_word' id='word_1_70' title='bbox 556 1157 767 1241; x_wconf 89' lang='lat' dir='ltr'>nuptialium</span> <span class='ocrx_word' id='word_1_71' title='bbox 789 1157 948 1220; x_wconf 83' lang='lat' dir='ltr'>foderum</span> <span class='ocrx_word' id='word_1_72' title='bbox 971 1157 1015 1223; x_wconf 91' lang='lat' dir='ltr'>ab</span> <span class='ocrx_word' id='word_1_73' title='bbox 1039 1157 1116 1222; x_wconf 90' lang='lat' dir='ltr'>aliis</span> <span class='ocrx_word' id='word_1_74' title='bbox 1138 1159 1246 1223; x_wconf 83' lang='lat' dir='ltr'>fuerit</span> 
     </span>
     <span class='ocr_line' id='line_1_10' title="bbox 125 1245 1247 1330; baseline 0.001 -21"><span class='ocrx_word' id='word_1_75' title='bbox 125 1249 271 1311; x_wconf 82' lang='lat' dir='ltr'>fortasse</span> <span class='ocrx_word' id='word_1_76' title='bbox 291 1250 485 1330; x_wconf 89' lang='lat' dir='ltr'>acceptum;</span> <span class='ocrx_word' id='word_1_77' title='bbox 511 1247 603 1328; x_wconf 91' lang='lat' dir='ltr'>quod</span> <span class='ocrx_word' id='word_1_78' title='bbox 618 1246 738 1327; x_wconf 89' lang='lat' dir='ltr'>utique</span> <span class='ocrx_word' id='word_1_79' title='bbox 763 1245 1061 1310; x_wconf 89' lang='lat' dir='ltr'>commodantibus</span> <span class='ocrx_word' id='word_1_80' title='bbox 1084 1247 1151 1311; x_wconf 84' lang='lat' dir='ltr'>erit</span> <span class='ocrx_word' id='word_1_81' title='bbox 1173 1248 1247 1311; x_wconf 91' lang='lat' dir='ltr'>red·</span> 
     </span>
     <span class='ocr_line' id='line_1_11' title="bbox 127 1333 1246 1417; baseline -0.001 -17"><span class='ocrx_word' id='word_1_82' title='bbox 127 1337 278 1400; x_wconf 79' lang='lat' dir='ltr'>dandum</span> <span class='ocrx_word' id='word_1_83' title='bbox 290 1369 333 1378; x_wconf 89' lang='lat'>—</span> <span class='ocrx_word' id='word_1_84' title='bbox 349 1336 386 1397; x_wconf 94' lang='lat' dir='ltr'>in</span> <span class='ocrx_word' id='word_1_85' title='bbox 401 1334 591 1417; x_wconf 87' lang='lat' dir='ltr'>mancipiis,</span> <span class='ocrx_word' id='word_1_86' title='bbox 607 1335 720 1411; x_wconf 87' lang='lat' dir='ltr'>terris,</span> <span class='ocrx_word' id='word_1_87' title='bbox 731 1333 850 1408; x_wconf 87' lang='lat' dir='ltr'>vineis,</span> <span class='ocrx_word' id='word_1_88' title='bbox 865 1334 1017 1411; x_wconf 85' lang='lat' dir='ltr'>edificiis,</span> <span class='ocrx_word' id='word_1_89' title='bbox 1030 1335 1246 1400; x_wconf 85' lang='lat' dir='ltr'>vestimentis</span> 
     </span>
     <span class='ocr_line' id='line_1_12' title="bbox 126 1421 1245 1507; baseline 0 -21"><span class='ocrx_word' id='word_1_90' title='bbox 126 1425 237 1506; x_wconf 89' lang='lat' dir='ltr'>adque</span> <span class='ocrx_word' id='word_1_91' title='bbox 272 1423 482 1486; x_wconf 88' lang='lat' dir='ltr'>ornamentis</span> <span class='ocrx_word' id='word_1_92' title='bbox 516 1423 624 1486; x_wconf 85' lang='lat' dir='ltr'>fuerit</span> <span class='ocrx_word' id='word_1_93' title='bbox 654 1442 675 1485; x_wconf 91' lang='lat' dir='ltr'>a</span> <span class='ocrx_word' id='word_1_94' title='bbox 704 1421 905 1505; x_wconf 90' lang='lat' dir='ltr'>parentibus</span> <span class='ocrx_word' id='word_1_95' title='bbox 939 1423 1010 1486; x_wconf 83' lang='lat' dir='ltr'>sive</span> <span class='ocrx_word' id='word_1_96' title='bbox 1044 1424 1245 1507; x_wconf 88' lang='lat' dir='ltr'>nuptiarum</span> 
     </span>
     <span class='ocr_line' id='line_1_13' title="bbox 124 1510 1245 1595; baseline 0.001 -20"><span class='ocrx_word' id='word_1_97' title='bbox 124 1517 279 1595; x_wconf 88' lang='lat' dir='ltr'>tempore</span> <span class='ocrx_word' id='word_1_98' title='bbox 303 1512 373 1575; x_wconf 83' lang='lat' dir='ltr'>sive</span> <span class='ocrx_word' id='word_1_99' title='bbox 396 1515 474 1595; x_wconf 89' lang='lat' dir='ltr'>post</span> <span class='ocrx_word' id='word_1_100' title='bbox 497 1511 637 1595; x_wconf 87' lang='lat' dir='ltr'>nuptias</span> <span class='ocrx_word' id='word_1_101' title='bbox 660 1510 741 1572; x_wconf 88' lang='lat' dir='ltr'>filiis</span> <span class='ocrx_word' id='word_1_102' title='bbox 769 1531 983 1592; x_wconf 90' lang='lat' dir='ltr'>quocumque</span> <span class='ocrx_word' id='word_1_103' title='bbox 1014 1513 1115 1576; x_wconf 91' lang='lat' dir='ltr'>modo</span> <span class='ocrx_word' id='word_1_104' title='bbox 1143 1513 1245 1576; x_wconf 89' lang='lat' dir='ltr'>dona-</span> 
     </span>
     <span class='ocr_line' id='line_1_14' title="bbox 124 1594 1245 1682; baseline 0 -19"><span class='ocrx_word' id='word_1_105' title='bbox 124 1594 234 1675; x_wconf 76' lang='lat' dir='ltr'>tums,</span> <span class='ocrx_word' id='word_1_106' title='bbox 260 1601 499 1682; x_wconf 91' lang='lat' dir='ltr'>quodcumque</span> <span class='ocrx_word' id='word_1_107' title='bbox 517 1600 597 1663; x_wconf 92' lang='lat' dir='ltr'>inde</span> <span class='ocrx_word' id='word_1_108' title='bbox 613 1599 677 1661; x_wconf 89' lang='lat' dir='ltr'>filii</span> <span class='ocrx_word' id='word_1_109' title='bbox 699 1599 852 1662; x_wconf 90' lang='lat' dir='ltr'>iudicare</span> <span class='ocrx_word' id='word_1_110' title='bbox 867 1599 1049 1677; x_wconf 86' lang='lat' dir='ltr'>voluerint,</span> <span class='ocrx_word' id='word_1_111' title='bbox 1074 1601 1245 1664; x_wconf 85' lang='lat' dir='ltr'>incorum</span> 
     </span>
     <span class='ocr_line' id='line_1_15' title="bbox 126 1687 1246 1766; baseline 0 -14"><span class='ocrx_word' id='word_1_112' title='bbox 126 1689 290 1752; x_wconf 86' lang='lat' dir='ltr'>consistat</span> <span class='ocrx_word' id='word_1_113' title='bbox 321 1687 480 1764; x_wconf 88' lang='lat' dir='ltr'>arbitrio;</span> <span class='ocrx_word' id='word_1_114' title='bbox 512 1688 633 1751; x_wconf 91' lang='lat' dir='ltr'>eodem</span> <span class='ocrx_word' id='word_1_115' title='bbox 661 1690 800 1750; x_wconf 88' lang='lat' dir='ltr'>tanturn</span> <span class='ocrx_word' id='word_1_116' title='bbox 823 1687 943 1750; x_wconf 90' lang='lat' dir='ltr'>ordine</span> <span class='ocrx_word' id='word_1_117' title='bbox 966 1692 1180 1766; x_wconf 64' lang='lat' dir='ltr'>reservatoss,</span> <span class='ocrx_word' id='word_1_118' title='bbox 1204 1692 1246 1752; x_wconf 87' lang='lat' dir='ltr'>ut</span> 
     </span>
     <span class='ocr_line' id='line_1_16' title="bbox 126 1768 1237 1861; baseline 0.001 -21"><span class='ocrx_word' id='word_1_119' title='bbox 126 1781 203 1861; x_wconf 91' lang='lat' dir='ltr'>post</span> <span class='ocrx_word' id='word_1_120' title='bbox 232 1780 415 1860; x_wconf 87' lang='lat' dir='ltr'>parentum</span> <span class='ocrx_word' id='word_1_121' title='bbox 445 1776 614 1853; x_wconf 90' lang='lat' dir='ltr'>hobitum,</span> <span class='ocrx_word' id='word_1_122' title='bbox 646 1777 729 1839; x_wconf 93' lang='lat' dir='ltr'>dum</span> <span class='ocrx_word' id='word_1_123' title='bbox 752 1774 833 1838; x_wconf 93' lang='lat' dir='ltr'>filiis</span> <span class='ocrx_word' id='word_1_124' title='bbox 856 1768 1034 1858; x_wconf 83' lang='lat' dir='ltr'>patueritll</span> <span class='ocrx_word' id='word_1_125' title='bbox 1062 1771 1237 1841; x_wconf 82' lang='lat' dir='ltr'>adeundai</span> 
     </span>
     <span class='ocr_line' id='line_1_17' title="bbox 125 1857 1245 1948; baseline 0 -19"><span class='ocrx_word' id='word_1_126' title='bbox 125 1866 302 1940; x_wconf 85' lang='lat' dir='ltr'>successio,</span> <span class='ocrx_word' id='word_1_127' title='bbox 334 1868 477 1948; x_wconf 84' lang='lat' dir='ltr'>excepto</span> <span class='ocrx_word' id='word_1_128' title='bbox 507 1865 553 1940; x_wconf 87' lang='lat' dir='ltr'>id,</span> <span class='ocrx_word' id='word_1_129' title='bbox 584 1865 676 1946; x_wconf 94' lang='lat' dir='ltr'>quod</span> <span class='ocrx_word' id='word_1_130' title='bbox 705 1867 865 1947; x_wconf 88' lang='lat' dir='ltr'>parentes</span> <span class='ocrx_word' id='word_1_131' title='bbox 893 1857 1000 1927; x_wconf 89' lang='lat' dir='ltr'>filiish</span> <span class='ocrx_word' id='word_1_132' title='bbox 1026 1865 1124 1928; x_wconf 74' lang='lat' dir='ltr'>iuxta</span> <span class='ocrx_word' id='word_1_133' title='bbox 1151 1865 1245 1948; x_wconf 82' lang='lat' dir='ltr'>leges</span> 
     </span>
     <span class='ocr_line' id='line_1_18' title="bbox 124 1952 1242 2035; baseline 0.001 -19"><span class='ocrx_word' id='word_1_134' title='bbox 124 1955 270 2017; x_wconf 83' lang='lat' dir='ltr'>fortasse</span> <span class='ocrx_word' id='word_1_135' title='bbox 289 1953 501 2029; x_wconf 81' lang='lat' dir='ltr'>donaverint,</span> <span class='ocrx_word' id='word_1_136' title='bbox 527 1953 647 2016; x_wconf 90' lang='lat' dir='ltr'>eadem</span> <span class='ocrx_word' id='word_1_137' title='bbox 669 1953 760 2016; x_wconf 88' lang='lat' dir='ltr'>inter</span> <span class='ocrx_word' id='word_1_138' title='bbox 776 1952 918 2016; x_wconf 88' lang='lat' dir='ltr'>heredes</span> <span class='ocrx_word' id='word_1_139' title='bbox 942 1953 1149 2035; x_wconf 87' lang='lat' dir='ltr'>quoequatio</span> <span class='ocrx_word' id='word_1_140' title='bbox 1165 1953 1242 2017; x_wconf 89' lang='lat' dir='ltr'>fiat:</span> 
     </span>
     <span class='ocr_line' id='line_1_19' title="bbox 124 2035 1245 2125; baseline 0 -21"><span class='ocrx_word' id='word_1_141' title='bbox 124 2047 174 2118; x_wconf 88' lang='lat' dir='ltr'>ut,</span> <span class='ocrx_word' id='word_1_142' title='bbox 199 2043 290 2124; x_wconf 93' lang='lat' dir='ltr'>quod</span> <span class='ocrx_word' id='word_1_143' title='bbox 305 2042 504 2125; x_wconf 87' lang='lat' dir='ltr'>nuptiarum</span> <span class='ocrx_word' id='word_1_144' title='bbox 520 2044 676 2124; x_wconf 89' lang='lat' dir='ltr'>tempore</span> <span class='ocrx_word' id='word_1_145' title='bbox 699 2040 791 2103; x_wconf 88' lang='lat' dir='ltr'>filius</span> <span class='ocrx_word' id='word_1_146' title='bbox 806 2035 884 2104; x_wconf 65' lang='lat' dir='ltr'>rel(1</span> <span class='ocrx_word' id='word_1_147' title='bbox 903 2039 976 2103; x_wconf 89' lang='lat' dir='ltr'>filia</span> <span class='ocrx_word' id='word_1_148' title='bbox 999 2062 1020 2103; x_wconf 90' lang='lat' dir='ltr'>a</span> <span class='ocrx_word' id='word_1_149' title='bbox 1042 2041 1245 2124; x_wconf 89' lang='lat' dir='ltr'>parentibus</span> 
     </span>
     <span class='ocr_line' id='line_1_20' title="bbox 124 2128 1245 2214; baseline 0 -22"><span class='ocrx_word' id='word_1_150' title='bbox 124 2132 221 2193; x_wconf 87' lang='lat' dir='ltr'>iuxta</span> <span class='ocrx_word' id='word_1_151' title='bbox 236 2130 430 2214; x_wconf 85' lang='lat' dir='ltr'>predictum</span> <span class='ocrx_word' id='word_1_152' title='bbox 446 2130 601 2194; x_wconf 91' lang='lat' dir='ltr'>ordinem</span> <span class='ocrx_word' id='word_1_153' title='bbox 617 2128 861 2212; x_wconf 91' lang='lat' dir='ltr'>possidendum</span> <span class='ocrx_word' id='word_1_154' title='bbox 876 2128 1018 2212; x_wconf 87' lang='lat' dir='ltr'>accepit,</span> <span class='ocrx_word' id='word_1_155' title='bbox 1044 2131 1080 2193; x_wconf 94' lang='lat' dir='ltr'>et</span> <span class='ocrx_word' id='word_1_156' title='bbox 1102 2128 1245 2193; x_wconf 90' lang='lat' dir='ltr'>licentia</span> 
     </span>
     <span class='ocr_line' id='line_1_21' title="bbox 125 2217 1243 2301; baseline -0.002 -19"><span class='ocrx_word' id='word_1_157' title='bbox 125 2220 170 2282; x_wconf 85' lang='lat' dir='ltr'>sit</span> <span class='ocrx_word' id='word_1_158' title='bbox 192 2219 246 2281; x_wconf 92' lang='lat' dir='ltr'>illi</span> <span class='ocrx_word' id='word_1_159' title='bbox 270 2219 392 2282; x_wconf 85' lang='lat' dir='ltr'>exinde</span> <span class='ocrx_word' id='word_1_160' title='bbox 410 2219 502 2301; x_wconf 94' lang='lat' dir='ltr'>quod</span> <span class='ocrx_word' id='word_1_161' title='bbox 517 2217 667 2282; x_wconf 85' lang='lat' dir='ltr'>voluerit</span> <span class='ocrx_word' id='word_1_162' title='bbox 689 2217 875 2292; x_wconf 89' lang='lat' dir='ltr'>iudicandi,</span> <span class='ocrx_word' id='word_1_163' title='bbox 901 2219 936 2279; x_wconf 89' lang='lat' dir='ltr'>et</span> <span class='ocrx_word' id='word_1_164' title='bbox 960 2221 1038 2301; x_wconf 84' lang='lat' dir='ltr'>post</span> <span class='ocrx_word' id='word_1_165' title='bbox 1060 2221 1243 2301; x_wconf 89' lang='lat' dir='ltr'>parentum</span> 
     </span>
     <span class='ocr_line' id='line_1_22' title="bbox 127 2301 1243 2389; baseline 0 -20"><span class='ocrx_word' id='word_1_166' title='bbox 127 2301 307 2389; x_wconf 66' lang='lat' dir='ltr'>[obitumk]</span> <span class='ocrx_word' id='word_1_167' title='bbox 340 2307 538 2370; x_wconf 83' lang='lat' dir='ltr'>adoratione</span> <span class='ocrx_word' id='word_1_168' title='bbox 569 2305 710 2382; x_wconf 89' lang='lat' dir='ltr'>adibita,</span> <span class='ocrx_word' id='word_1_169' title='bbox 741 2305 953 2389; x_wconf 89' lang='lat' dir='ltr'>contropatis</span> <span class='ocrx_word' id='word_1_170' title='bbox 976 2305 1039 2383; x_wconf 91' lang='lat' dir='ltr'>his,</span> <span class='ocrx_word' id='word_1_171' title='bbox 1072 2325 1137 2388; x_wconf 89' lang='lat' dir='ltr'>que</span> <span class='ocrx_word' id='word_1_172' title='bbox 1160 2309 1243 2370; x_wconf 92' lang='lat' dir='ltr'>tem·</span> 
     </span>
     <span class='ocr_line' id='line_1_23' title="bbox 124 2393 1243 2479; baseline -0.001 -21"><span class='ocrx_word' id='word_1_173' title='bbox 124 2416 205 2479; x_wconf 89' lang='lat' dir='ltr'>pore</span> <span class='ocrx_word' id='word_1_174' title='bbox 221 2395 421 2478; x_wconf 87' lang='lat' dir='ltr'>nuptiarum</span> <span class='ocrx_word' id='word_1_175' title='bbox 436 2394 634 2479; x_wconf 87' lang='lat' dir='ltr'>promeruit,</span> <span class='ocrx_word' id='word_1_176' title='bbox 655 2395 767 2476; x_wconf 90' lang='lat' dir='ltr'>adque</span> <span class='ocrx_word' id='word_1_177' title='bbox 783 2393 967 2457; x_wconf 89' lang='lat' dir='ltr'>heredibus</span> <span class='ocrx_word' id='word_1_178' title='bbox 984 2394 1106 2458; x_wconf 91' lang='lat' dir='ltr'>ceteris</span> <span class='ocrx_word' id='word_1_179' title='bbox 1123 2395 1243 2459; x_wconf 90' lang='lat' dir='ltr'>eadem</span> 
     </span>
     <span class='ocr_line' id='line_1_24' title="bbox 125 2483 1243 2567; baseline 0 -20"><span class='ocrx_word' id='word_1_180' title='bbox 125 2486 334 2567; x_wconf 87' lang='lat' dir='ltr'>conpensata</span> <span class='ocrx_word' id='word_1_181' title='bbox 358 2484 556 2566; x_wconf 86' lang='lat' dir='ltr'>equalitate,</span> <span class='ocrx_word' id='word_1_182' title='bbox 581 2483 747 2565; x_wconf 90' lang='lat' dir='ltr'>quidquid</span> <span class='ocrx_word' id='word_1_183' title='bbox 771 2501 874 2566; x_wconf 91' lang='lat' dir='ltr'>super</span> <span class='ocrx_word' id='word_1_184' title='bbox 896 2483 940 2545; x_wconf 88' lang='lat' dir='ltr'>de</span> <span class='ocrx_word' id='word_1_185' title='bbox 963 2487 1146 2566; x_wconf 84' lang='lat' dir='ltr'>parentum</span> <span class='ocrx_word' id='word_1_186' title='bbox 1170 2503 1243 2547; x_wconf 88' lang='lat' dir='ltr'>esse</span> 
     </span>
     <span class='ocr_line' id='line_1_25' title="bbox 125 2570 1243 2653; baseline 0 -19"><span class='ocrx_word' id='word_1_187' title='bbox 125 2573 317 2636; x_wconf 88' lang='lat' dir='ltr'>hereditate</span> <span class='ocrx_word' id='word_1_188' title='bbox 342 2572 546 2648; x_wconf 88' lang='lat' dir='ltr'>constiterit,</span> <span class='ocrx_word' id='word_1_189' title='bbox 575 2570 690 2653; x_wconf 91' lang='lat' dir='ltr'>equali</span> <span class='ocrx_word' id='word_1_190' title='bbox 719 2573 863 2635; x_wconf 88' lang='lat' dir='ltr'>teneant</span> <span class='ocrx_word' id='word_1_191' title='bbox 890 2571 955 2635; x_wconf 90' lang='lat' dir='ltr'>hac</span> <span class='ocrx_word' id='word_1_192' title='bbox 984 2575 1173 2653; x_wconf 88' lang='lat' dir='ltr'>sequantur</span> <span class='ocrx_word' id='word_1_193' title='bbox 1196 2572 1243 2634; x_wconf 91' lang='lat' dir='ltr'>di·</span> 
     </span>
     <span class='ocr_line' id='line_1_26' title="bbox 124 2680 263 2724; baseline -0.014 0"><span class='ocrx_word' id='word_1_194' title='bbox 124 2680 263 2724; x_wconf 85' lang='lat' dir='ltr'>vrs1one.</span> 
     </span>
    </p>
   </div>
   <div class='ocr_carea' id='block_1_3' title="bbox 313 2829 1050 2887">
    <p class='ocr_par' dir='ltr' id='par_1_3' title="bbox 313 2829 1050 2887">
     <span class='ocr_line' id='line_1_27' title="bbox 313 2829 1050 2887; baseline 0.004 -4"><span class='ocrx_word' id='word_1_195' title='bbox 313 2830 383 2887; x_wconf 85' lang='grc' dir='ltr'>ΗΠ.</span> <span class='ocrx_word' id='word_1_196' title='bbox 414 2830 582 2885; x_wconf 83' lang='lat' dir='ltr'>FLAVIUS</span> <span class='ocrx_word' id='word_1_197' title='bbox 602 2829 915 2885; x_wconf 81' lang='lat' dir='ltr'>GHINDASVINDUS</span> <span class='ocrx_word' id='word_1_198' title='bbox 933 2829 1014 2883; x_wconf 85' lang='lat' dir='ltr'>REX</span> <span class='ocrx_word' id='word_1_199' title='bbox 1023 2839 1050 2887; x_wconf 62' lang='lat' dir='ltr'>a.</span> 
     </span>
    </p>
   </div>
   <div class='ocr_carea' id='block_1_4' title="bbox 125 2943 1244 3182">
    <p class='ocr_par' dir='ltr' id='par_1_4' title="bbox 125 2943 1244 3182">
     <span class='ocr_line' id='line_1_28' title="bbox 125 2943 1244 3026; baseline 0.001 -21"><span class='ocrx_word' id='word_1_200' title='bbox 125 2943 184 3006; x_wconf 90' lang='lat' dir='ltr'>De</span> <span class='ocrx_word' id='word_1_201' title='bbox 212 2943 330 3005; x_wconf 88' lang='lat' dir='ltr'>filiis</span> <span class='ocrx_word' id='word_1_202' title='bbox 359 2944 406 3006; x_wconf 93' lang='lat' dir='ltr'>de</span> <span class='ocrx_word' id='word_1_203' title='bbox 431 2943 618 3006; x_wconf 84' lang='lat' dir='ltr'>diversis</span> <span class='ocrx_word' id='word_1_204' title='bbox 641 2943 902 3026; x_wconf 89' lang='lat' dir='ltr'>parentibus</span> <span class='ocrx_word' id='word_1_205' title='bbox 928 2943 1062 3018; x_wconf 89' lang='lat' dir='ltr'>natis,</span> <span class='ocrx_word' id='word_1_206' title='bbox 1092 2947 1134 3006; x_wconf 88' lang='lat' dir='ltr'>et</span> <span class='ocrx_word' id='word_1_207' title='bbox 1162 2964 1244 3025; x_wconf 88' lang='lat' dir='ltr'>qua</span> 
     </span>
     <span class='ocr_line' id='line_1_29' title="bbox 125 3031 1243 3182; baseline -0.002 -88"><span class='ocrx_word' id='word_1_208' title='bbox 125 3032 396 3095; x_wconf 88' lang='lat' dir='ltr'>discretione</span> <span class='ocrx_word' id='word_1_209' title='bbox 447 3031 1026 3182; x_wconf 55' lang='lat' dir='ltr'>parentpppfflpdsequantur</span> <span class='ocrx_word' id='word_1_210' title='bbox 1075 3031 1243 3094; x_wconf 87' lang='lat' dir='ltr'>heredi-</span> 
     </span>
    </p>
   </div>
   <div class='ocr_carea' id='block_1_5' title="bbox 50 3224 1245 4015">
    <p class='ocr_par' dir='ltr' id='par_1_5' title="bbox 50 3224 1245 4015">
     <span class='ocr_line' id='line_1_30' title="bbox 231 3224 1244 3309; baseline -0.001 -21"><span class='ocrx_word' id='word_1_211' title='bbox 231 3225 268 3288; x_wconf 72' lang='grc'>81</span> <span class='ocrx_word' id='word_1_212' title='bbox 297 3227 493 3309; x_wconf 85' lang='lat' dir='ltr'>provenerit</span> <span class='ocrx_word' id='word_1_213' title='bbox 527 3246 636 3287; x_wconf 90' lang='lat' dir='ltr'>unum</span> <span class='ocrx_word' id='word_1_214' title='bbox 663 3225 775 3288; x_wconf 87' lang='lat' dir='ltr'>virum</span> <span class='ocrx_word' id='word_1_215' title='bbox 810 3225 925 3309; x_wconf 90' lang='lat' dir='ltr'>plures</span> <span class='ocrx_word' id='word_1_216' title='bbox 960 3224 1087 3288; x_wconf 90' lang='lat' dir='ltr'>habere</span> <span class='ocrx_word' id='word_1_217' title='bbox 1121 3244 1244 3288; x_wconf 87' lang='lat' dir='ltr'>uxores</span> 
     </span>
     <span class='ocr_line' id='line_1_31' title="bbox 125 3313 1243 3397; baseline -0.002 -21"><span class='ocrx_word' id='word_1_218' title='bbox 125 3316 236 3395; x_wconf 86' lang='lat' dir='ltr'>adque</span> <span class='ocrx_word' id='word_1_219' title='bbox 259 3334 301 3377; x_wconf 87' lang='lat' dir='ltr'>ex</span> <span class='ocrx_word' id='word_1_220' title='bbox 324 3313 482 3377; x_wconf 92' lang='lat' dir='ltr'>omnibus</span> <span class='ocrx_word' id='word_1_221' title='bbox 510 3314 599 3377; x_wconf 89' lang='lat' dir='ltr'>filios</span> <span class='ocrx_word' id='word_1_222' title='bbox 626 3333 816 3397; x_wconf 89' lang='lat' dir='ltr'>procreare,</span> <span class='ocrx_word' id='word_1_223' title='bbox 849 3317 884 3376; x_wconf 89' lang='lat' dir='ltr'>et</span> <span class='ocrx_word' id='word_1_224' title='bbox 914 3313 1064 3395; x_wconf 88' lang='lat' dir='ltr'>aliquem</span> <span class='ocrx_word' id='word_1_225' title='bbox 1094 3313 1243 3375; x_wconf 89' lang='lat' dir='ltr'>filiorum</span> 
     </span>
     <span class='ocr_line' id='line_1_32' title="bbox 125 3401 1241 3485; baseline 0 -21"><span class='ocrx_word' id='word_1_226' title='bbox 125 3407 185 3464; x_wconf 88' lang='lat' dir='ltr'>aut</span> <span class='ocrx_word' id='word_1_227' title='bbox 208 3402 358 3464; x_wconf 90' lang='lat' dir='ltr'>filiarum</span> <span class='ocrx_word' id='word_1_228' title='bbox 382 3403 563 3485; x_wconf 83' lang='lat' dir='ltr'>contingat</span> <span class='ocrx_word' id='word_1_229' title='bbox 585 3402 790 3465; x_wconf 89' lang='lat' dir='ltr'>intestatum</span> <span class='ocrx_word' id='word_1_230' title='bbox 814 3402 857 3465; x_wconf 91' lang='lat' dir='ltr'>ab</span> <span class='ocrx_word' id='word_1_231' title='bbox 882 3402 947 3465; x_wconf 89' lang='lat' dir='ltr'>hac</span> <span class='ocrx_word' id='word_1_232' title='bbox 963 3402 1035 3465; x_wconf 84' lang='lat' dir='ltr'>rita</span> <span class='ocrx_word' id='word_1_233' title='bbox 1058 3401 1241 3477; x_wconf 86' lang='lat' dir='ltr'>discedere,</span> 
     </span>
     <span class='ocr_line' id='line_1_33' title="bbox 124 3487 1245 3574; baseline -0.001 -23"><span class='ocrx_word' id='word_1_234' title='bbox 124 3491 327 3554; x_wconf 80' lang='lat' dir='ltr'>facultatem</span> <span class='ocrx_word' id='word_1_235' title='bbox 358 3490 440 3568; x_wconf 87' lang='lat' dir='ltr'>eius,</span> <span class='ocrx_word' id='word_1_236' title='bbox 473 3491 501 3554; x_wconf 92' lang='lat' dir='ltr'>si</span> <span class='ocrx_word' id='word_1_237' title='bbox 524 3490 613 3554; x_wconf 88' lang='lat' dir='ltr'>filios</span> <span class='ocrx_word' id='word_1_238' title='bbox 636 3511 706 3554; x_wconf 91' lang='lat' dir='ltr'>non</span> <span class='ocrx_word' id='word_1_239' title='bbox 728 3489 907 3572; x_wconf 89' lang='lat' dir='ltr'>reliquerit</span> <span class='ocrx_word' id='word_1_240' title='bbox 929 3489 985 3553; x_wconf 85' lang='lat' dir='ltr'>vel</span> <span class='ocrx_word' id='word_1_241' title='bbox 1007 3493 1160 3574; x_wconf 87' lang='lat' dir='ltr'>nepotes,</span> <span class='ocrx_word' id='word_1_242' title='bbox 1189 3487 1245 3551; x_wconf 93' lang='lat' dir='ltr'>illi</span> 
     </span>
     <span class='ocr_line' id='line_1_34' title="bbox 124 3578 1242 3662; baseline -0.001 -22"><span class='ocrx_word' id='word_1_243' title='bbox 124 3580 249 3642; x_wconf 80' lang='lat' dir='ltr'>fratres</span> <span class='ocrx_word' id='word_1_244' title='bbox 269 3578 325 3642; x_wconf 89' lang='lat' dir='ltr'>vel</span> <span class='ocrx_word' id='word_1_245' title='bbox 347 3599 478 3642; x_wconf 89' lang='lat' dir='ltr'>sorores</span> <span class='ocrx_word' id='word_1_246' title='bbox 499 3579 747 3662; x_wconf 88' lang='lat' dir='ltr'>adprehensuri</span> <span class='ocrx_word' id='word_1_247' title='bbox 771 3581 852 3642; x_wconf 93' lang='lat' dir='ltr'>sunt</span> <span class='ocrx_word' id='word_1_248' title='bbox 875 3578 1008 3660; x_wconf 88' lang='lat' dir='ltr'>sibique</span> <span class='ocrx_word' id='word_1_249' title='bbox 1023 3578 1242 3654; x_wconf 86' lang='lat' dir='ltr'>vindicaturi,</span> 
     </span>
     <span class='ocr_line' id='line_1_35' title="bbox 124 3670 1244 3751; baseline 0 -22"><span class='ocrx_word' id='word_1_250' title='bbox 124 3688 208 3748; x_wconf 94' lang='lat' dir='ltr'>quos</span> <span class='ocrx_word' id='word_1_251' title='bbox 240 3687 280 3730; x_wconf 88' lang='lat' dir='ltr'>ex</span> <span class='ocrx_word' id='word_1_252' title='bbox 309 3688 379 3730; x_wconf 90' lang='lat' dir='ltr'>uno</span> <span class='ocrx_word' id='word_1_253' title='bbox 411 3672 507 3751; x_wconf 87' lang='lat' dir='ltr'>patre</span> <span class='ocrx_word' id='word_1_254' title='bbox 538 3671 574 3731; x_wconf 84' lang='lat' dir='ltr'>et</span> <span class='ocrx_word' id='word_1_255' title='bbox 604 3688 645 3731; x_wconf 86' lang='lat' dir='ltr'>ex</span> <span class='ocrx_word' id='word_1_256' title='bbox 671 3687 741 3730; x_wconf 89' lang='lat' dir='ltr'>una</span> <span class='ocrx_word' id='word_1_257' title='bbox 770 3670 881 3731; x_wconf 89' lang='lat' dir='ltr'>matre</span> <span class='ocrx_word' id='word_1_258' title='bbox 910 3670 1046 3730; x_wconf 87' lang='lat' dir='ltr'>constat</span> <span class='ocrx_word' id='word_1_259' title='bbox 1074 3687 1147 3732; x_wconf 89' lang='lat' dir='ltr'>esse</span> <span class='ocrx_word' id='word_1_260' title='bbox 1170 3687 1244 3749; x_wconf 91' lang='lat' dir='ltr'>pro·</span> 
     </span>
     <span class='ocr_line' id='line_1_36' title="bbox 50 3749 1245 3836; baseline -0.001 -17"><span class='ocrx_word' id='word_1_261' title='bbox 50 3806 56 3819; x_wconf 87' lang='lat'><strong>.</strong></span> <span class='ocrx_word' id='word_1_262' title='bbox 91 3809 97 3819; x_wconf 94' lang='lat'><strong>.</strong></span> <span class='ocrx_word' id='word_1_263' title='bbox 124 3757 269 3836; x_wconf 83' lang='lat' dir='ltr'>genitos.</span> <span class='ocrx_word' id='word_1_264' title='bbox 304 3749 417 3819; x_wconf 76' lang='lat' dir='ltr'>&#39;Palisb</span> <span class='ocrx_word' id='word_1_265' title='bbox 447 3756 552 3820; x_wconf 91' lang='lat' dir='ltr'>etiam</span> <span class='ocrx_word' id='word_1_266' title='bbox 575 3756 658 3819; x_wconf 90' lang='lat' dir='ltr'>ordo</span> <span class='ocrx_word' id='word_1_267' title='bbox 682 3755 883 3832; x_wconf 85' lang='lat' dir='ltr'>servabitur,</span> <span class='ocrx_word' id='word_1_268' title='bbox 908 3756 937 3819; x_wconf 94' lang='lat' dir='ltr'>si</span> <span class='ocrx_word' id='word_1_269' title='bbox 960 3775 1030 3819; x_wconf 85' lang='lat' dir='ltr'>una</span> <span class='ocrx_word' id='word_1_270' title='bbox 1054 3755 1177 3819; x_wconf 89' lang='lat' dir='ltr'>mulier</span> <span class='ocrx_word' id='word_1_271' title='bbox 1201 3756 1245 3818; x_wconf 89' lang='lat' dir='ltr'>de</span> 
     </span>
     <span class='ocr_line' id='line_1_37' title="bbox 125 3839 1244 3925; baseline 0.001 -21"><span class='ocrx_word' id='word_1_272' title='bbox 125 3843 300 3925; x_wconf 79' lang='lat' dir='ltr'>pluribus⁰</span> <span class='ocrx_word' id='word_1_273' title='bbox 327 3845 460 3907; x_wconf 91' lang='lat' dir='ltr'>maritis</span> <span class='ocrx_word' id='word_1_274' title='bbox 483 3843 572 3907; x_wconf 90' lang='lat' dir='ltr'>filios</span> <span class='ocrx_word' id='word_1_275' title='bbox 595 3844 733 3908; x_wconf 89' lang='lat' dir='ltr'>habeat.</span> <span class='ocrx_word' id='word_1_276' title='bbox 779 3843 870 3907; x_wconf 88' lang='lat' dir='ltr'>Nam</span> <span class='ocrx_word' id='word_1_277' title='bbox 893 3839 1071 3908; x_wconf 63' lang='lat' dir='ltr'>similiter(¹</span> <span class='ocrx_word' id='word_1_278' title='bbox 1095 3845 1244 3907; x_wconf 83' lang='lat' dir='ltr'>fratrum</span> 
     </span>
     <span class='ocr_line' id='line_1_38' title="bbox 125 3933 1245 4015; baseline -0.001 -21"><span class='ocrx_word' id='word_1_279' title='bbox 125 3952 345 4014; x_wconf 91' lang='lat' dir='ltr'>sororumque</span> <span class='ocrx_word' id='word_1_280' title='bbox 369 3933 607 4009; x_wconf 88' lang='lat' dir='ltr'>hereditatem,</span> <span class='ocrx_word' id='word_1_281' title='bbox 638 3936 711 3995; x_wconf 88' lang='lat' dir='ltr'>tam</span> <span class='ocrx_word' id='word_1_282' title='bbox 739 3936 778 3994; x_wconf 71' lang='lat' dir='ltr'>ae</span> <span class='ocrx_word' id='word_1_283' title='bbox 807 3936 952 4015; x_wconf 89' lang='lat' dir='ltr'>paterna</span> <span class='ocrx_word' id='word_1_284' title='bbox 982 3953 1085 4015; x_wconf 91' lang='lat' dir='ltr'>quam</span> <span class='ocrx_word' id='word_1_285' title='bbox 1109 3936 1148 3996; x_wconf 78' lang='lat' dir='ltr'>a⁰</span> <span class='ocrx_word' id='word_1_286' title='bbox 1176 3953 1245 3994; x_wconf 87' lang='lat' dir='ltr'>ma·</span> 
     </span>
    </p>
   </div>
   <div class='ocr_carea' id='block_1_6' title="bbox 124 4119 1244 4385">
    <p class='ocr_par' dir='ltr' id='par_1_6' title="bbox 124 4119 1244 4278">
     <span class='ocr_line' id='line_1_39' title="bbox 231 4119 1244 4172; baseline 0.001 -12"><span class='ocrx_word' id='word_1_287' title='bbox 231 4123 253 4169; x_wconf 88' lang='lat' dir='ltr'>b)</span> <span class='ocrx_word' id='word_1_288' title='bbox 271 4121 374 4170; x_wconf 80' lang='lat' dir='ltr'>predicta</span> <span class='ocrx_word' id='word_1_289' title='bbox 392 4123 441 4164; x_wconf 70' lang='lat'>122.</span> <span class='ocrx_word' id='word_1_290' title='bbox 522 4124 542 4169; x_wconf 89' lang='lat' dir='ltr'>e)</span> <span class='ocrx_word' id='word_1_291' title='bbox 560 4133 688 4161; x_wconf 76' lang='lat' dir='ltr'>mansuram</span> <span class='ocrx_word' id='word_1_292' title='bbox 707 4122 755 4165; x_wconf 69' lang='lat'><em>122.</em></span> <span class='ocrx_word' id='word_1_293' title='bbox 836 4119 860 4172; x_wconf 88' lang='lat' dir='ltr'>d)</span> <span class='ocrx_word' id='word_1_294' title='bbox 878 4123 934 4160; x_wconf 77' lang='lat' dir='ltr'>deest</span> <span class='ocrx_word' id='word_1_295' title='bbox 952 4123 999 4164; x_wconf 67' lang='lat'>121.</span> <span class='ocrx_word' id='word_1_296' title='bbox 1080 4124 1101 4170; x_wconf 90' lang='lat' dir='ltr'>e)</span> <span class='ocrx_word' id='word_1_297' title='bbox 1120 4123 1178 4161; x_wconf 86' lang='lat' dir='ltr'>solet</span> <span class='ocrx_word' id='word_1_298' title='bbox 1196 4123 1244 4166; x_wconf 69' lang='lat'>121.</span> 
     </span>
     <span class='ocr_line' id='line_1_40' title="bbox 124 4173 1244 4224; baseline 0.004 -12"><span class='ocrx_word' id='word_1_299' title='bbox 124 4176 142 4220; x_wconf 84' lang='lat' dir='ltr'>s)</span> <span class='ocrx_word' id='word_1_300' title='bbox 156 4179 232 4213; x_wconf 85' lang='lat' dir='ltr'>natum</span> <span class='ocrx_word' id='word_1_301' title='bbox 247 4176 296 4217; x_wconf 74' lang='lat' dir='ltr'>aa.</span> <span class='ocrx_word' id='word_1_302' title='bbox 355 4178 377 4224; x_wconf 80' lang='lat' dir='ltr'>g)</span> <span class='ocrx_word' id='word_1_303' title='bbox 391 4180 482 4215; x_wconf 79' lang='lat' dir='ltr'>servato</span> <span class='ocrx_word' id='word_1_304' title='bbox 497 4176 546 4216; x_wconf 71' lang='lat'>122.</span> <span class='ocrx_word' id='word_1_305' title='bbox 604 4176 627 4223; x_wconf 93' lang='grc'>11)</span> <span class='ocrx_word' id='word_1_306' title='bbox 641 4175 741 4224; x_wconf 81' lang='lat' dir='ltr'>patuerit</span> <span class='ocrx_word' id='word_1_307' title='bbox 755 4196 781 4203; x_wconf 90' lang='lat'>—</span> <span class='ocrx_word' id='word_1_308' title='bbox 795 4174 846 4214; x_wconf 81' lang='lat' dir='ltr'>filiis</span> <span class='ocrx_word' id='word_1_309' title='bbox 862 4186 903 4217; x_wconf 88' lang='lat' dir='ltr'>om.</span> <span class='ocrx_word' id='word_1_310' title='bbox 916 4176 963 4218; x_wconf 83' lang='lat' dir='ltr'>Rl.</span> <span class='ocrx_word' id='word_1_311' title='bbox 1023 4175 1040 4224; x_wconf 89' lang='lat' dir='ltr'>i)</span> <span class='ocrx_word' id='word_1_312' title='bbox 1054 4173 1181 4215; x_wconf 82' lang='lat' dir='ltr'>adeundam</span> <span class='ocrx_word' id='word_1_313' title='bbox 1195 4176 1244 4218; x_wconf 67' lang='lat'>132.</span> 
     </span>
     <span class='ocr_line' id='line_1_41' title="bbox 125 4228 551 4278; baseline 0.007 -13"><span class='ocrx_word' id='word_1_314' title='bbox 125 4228 147 4274; x_wconf 85' lang='grc'>11)</span> <span class='ocrx_word' id='word_1_315' title='bbox 162 4229 218 4266; x_wconf 78' lang='lat' dir='ltr'>deest</span> <span class='ocrx_word' id='word_1_316' title='bbox 231 4229 311 4278; x_wconf 77' lang='lat' dir='ltr'><strong>R1.2;</strong></span> <span class='ocrx_word' id='word_1_317' title='bbox 330 4229 471 4277; x_wconf 76' lang='lat' dir='ltr'>supplendum</span> <span class='ocrx_word' id='word_1_318' title='bbox 485 4239 513 4266; x_wconf 75' lang='lat' dir='ltr'>ex</span> <span class='ocrx_word' id='word_1_319' title='bbox 526 4229 551 4270; x_wconf 76' lang='grc' dir='ltr'>Ε.</span> 
     </span>
    </p>

    <p class='ocr_par' dir='ltr' id='par_1_7' title="bbox 125 4279 1244 4385">
     <span class='ocr_line' id='line_1_42' title="bbox 231 4279 1244 4332; baseline 0 -13"><span class='ocrx_word' id='word_1_320' title='bbox 231 4282 284 4323; x_wconf 87' lang='lat' dir='ltr'>IIIL</span> <span class='ocrx_word' id='word_1_321' title='bbox 325 4283 347 4328; x_wconf 87' lang='lat' dir='ltr'>a)</span> <span class='ocrx_word' id='word_1_322' title='bbox 361 4283 418 4320; x_wconf 78' lang='lat' dir='ltr'>deest</span> <span class='ocrx_word' id='word_1_323' title='bbox 431 4283 477 4324; x_wconf 67' lang='lat'>121.</span> <span class='ocrx_word' id='word_1_324' title='bbox 541 4281 673 4328; x_wconf 73' lang='grc'>1))11110111</span> <span class='ocrx_word' id='word_1_325' title='bbox 688 4281 738 4323; x_wconf 70' lang='lat'>122.</span> <span class='ocrx_word' id='word_1_326' title='bbox 801 4283 822 4329; x_wconf 90' lang='lat' dir='ltr'>c)</span> <span class='ocrx_word' id='word_1_327' title='bbox 836 4281 938 4331; x_wconf 83' lang='lat' dir='ltr'>plurimis</span> <span class='ocrx_word' id='word_1_328' title='bbox 952 4282 1001 4324; x_wconf 76' lang='lat' dir='ltr'>Ra.</span> <span class='ocrx_word' id='word_1_329' title='bbox 1068 4279 1092 4329; x_wconf 91' lang='lat' dir='ltr'>d)</span> <span class='ocrx_word' id='word_1_330' title='bbox 1106 4282 1139 4320; x_wconf 76' lang='lat' dir='ltr'>lta</span> <span class='ocrx_word' id='word_1_331' title='bbox 1153 4282 1205 4332; x_wconf 61' lang='lat'>1913</span> <span class='ocrx_word' id='word_1_332' title='bbox 1224 4282 1244 4320; x_wconf 84' lang='lat' dir='ltr'>si</span> 
     </span>
     <span class='ocr_line' id='line_1_43' title="bbox 125 4332 647 4385; baseline 0.004 -14"><span class='ocrx_word' id='word_1_333' title='bbox 125 4334 205 4373; x_wconf 84' lang='lat' dir='ltr'>mulier</span> <span class='ocrx_word' id='word_1_334' title='bbox 216 4346 261 4382; x_wconf 81' lang='lat' dir='ltr'>pro</span> <span class='ocrx_word' id='word_1_335' title='bbox 275 4334 379 4374; x_wconf 87' lang='lat' dir='ltr'>similiter</span> <span class='ocrx_word' id='word_1_336' title='bbox 393 4335 468 4377; x_wconf 77' lang='lat' dir='ltr'>R1.2.</span> <span class='ocrx_word' id='word_1_337' title='bbox 523 4334 544 4385; x_wconf 88' lang='grc'>0)</span> <span class='ocrx_word' id='word_1_338' title='bbox 557 4332 586 4373; x_wconf 76' lang='lat' dir='ltr'>ad</span> <span class='ocrx_word' id='word_1_339' title='bbox 602 4335 647 4377; x_wconf 85' lang='lat' dir='ltr'>Rl.</span> 
     </span>
    </p>
   </div>
   <div class='ocr_carea' id='block_1_7' title="bbox 0 0 1490 4928">
    <p class='ocr_par' dir='ltr' id='par_1_8' title="bbox 0 0 1490 4928">
     <span class='ocr_line' id='line_1_44' title="bbox 0 0 1490 4928; baseline 0 0"><span class='ocrx_word' id='word_1_340' title='bbox 0 0 1490 4928; x_wconf 95' lang='lat' dir='ltr'> </span> 
     </span>
    </p>
   </div>
  </div>
 </body>
</html>
