3000 4934
471 394 548 450 LEX
566 394 682 453 Visis.
700 393 969 451 Rncsassvnin.
1006 394 1061 465 111,
1080 398 1105 462 6,
1124 399 1150 452 2.
1319 399 1370 454 119

249 578 339 642 filios
373 578 533 643 rideatur
567 578 708 655 habere,
750 577 834 661 ipsis
872 577 1100 662 proculdubio
1134 576 1270 641 licitum
1304 578 1370 642 erit

250 669 442 730 maternam
475 687 593 731 vocem
628 667 798 743 adserere,
838 668 892 742 ut,
933 687 1051 731 eorum
1088 666 1257 730 instantia
1291 687 1369 730 eum

249 754 358 819 fuerit
386 755 504 819 iustay
534 758 728 839 presentem
756 754 868 838 legem
896 754 1055 818 scelerati
1081 761 1249 838 persona²
1279 755 1369 818 dam·

248 845 341 920 nata,
365 843 571 908 facultatem
594 844 666 908 eius
690 842 930 907 indubitanter
952 842 1142 907 obtineant.
1183 843 1259 906 Iam
1277 863 1367 920 vero,

250 932 278 995 si
308 931 542 1015 predictarum
575 951 812 1015 personarum,
846 931 902 996 vel
933 930 999 994 viri
1028 929 1084 996 vel
1118 930 1285 1008 mulieris,
1322 951 1368 995 se·

250 1021 400 1084 cundum
431 1021 606 1104 prefatum
636 1021 791 1084 ordinem
821 1020 885 1083 filii
915 1020 1032 1084 deesse
1061 1022 1260 1096 noscuntur,
1293 1040 1368 1083 con·

248 1111 366 1173 ientea
393 1109 546 1173 mulieris
577 1108 807 1172 hereditatem
835 1111 920 1172 tunc
948 1110 1042 1172 reete
1070 1106 1271 1191 propinquis
1294 1108 1367 1172 eius

249 1197 408 1281 capiendi
435 1196 570 1260 licitum
598 1197 673 1274 erit,
705 1196 735 1259 si
758 1188 978 1279 despectumb
1006 1196 1197 1280 propinque
1219 1196 1368 1260 vindica·

247 1285 338 1346 turic
364 1285 556 1368 spernentis
579 1284 644 1348 viri
668 1285 937 1368 presumtionem
960 1284 1120 1367 legaliter
1142 1284 1367 1348 condemnan-

249 1373 328 1435 dam
351 1373 553 1436 institerint.
598 1372 745 1435 Maritus
769 1375 895 1449 autem,
920 1372 979 1454 qui
1001 1372 1057 1436 vel
1080 1372 1221 1436 divortii
1242 1372 1297 1437 vel
1321 1393 1367 1437 se·

248 1461 405 1524 caritatis
429 1480 450 1523 a
473 1461 617 1544 coniuge
640 1455 882 1543 iscriptnram‘1
897 1460 1088 1543 quamlibet
1104 1460 1282 1544 exigerit⁰‚
1307 1481 1368 1526 seu

247 1548 394 1612 fortasse
423 1570 493 1612 non
524 1541 696 1632 exigens‘,
733 1551 907 1613 contemta
940 1551 1058 1614 tamen
1087 1554 1227 1626 uxoress,
1263 1549 1366 1613 aliam

247 1637 313 1701 sibi
346 1657 487 1702 uxorem
522 1630 766 1714 adsumserith,
803 1637 961 1702 ducentis
995 1637 1134 1721 publice
1167 1638 1366 1703 verberibus

246 1725 441 1808 flagellatus
472 1746 512 1790 ac
541 1727 691 1810 turpiter
721 1717 976 1791 decalvatione¹
1010 1725 1163 1803 sedatus,
1200 1729 1261 1789 aut
1294 1747 1367 1811 per-

245 1817 350 1897 petuo
380 1815 628 1879 condemnetur
655 1815 767 1892 exilio,
800 1817 861 1877 aut
884 1815 913 1879 si
937 1815 1064 1879 donare
1091 1815 1191 1878 illum
1220 1815 1366 1878 cuicum·

245 1922 310 1984 que
334 1902 499 1986 principis
522 1905 676 1987 potestas
694 1903 875 1986 helegerit
899 1903 936 1965 in
953 1922 1014 1966 suo
1031 1903 1197 1966 consistat
1213 1903 1366 1966 arbitrio.

245 1989 314 2054 ses
338 1993 373 2055 et
396 1991 530 2067 mulier,
559 2011 635 2073 que,
665 1992 775 2056 sciens
799 1994 860 2054 aut
886 1991 1064 2054 occasione
1087 1990 1243 2072 qnalibet
1267 2011 1367 2073 agno·

244 2098 342 2142 scens
371 2078 484 2142 virum
518 2079 645 2143 habere
677 2072 894 2163 suprestemk
927 2098 1082 2155 uxorem,
1120 2078 1193 2141 eius
1219 2079 1367 2142 vanitati

246 2167 465 2242 consenserit,
497 2170 538 2230 ut
566 2167 634 2250 ipsi
664 2186 699 2231 se
729 2167 766 2229 in
797 2159 974 2249 coniugio¹
1005 2165 1185 2249 copuletm,
1215 2165 1270 2229 illi
1292 2188 1366 2250 pro-

245 2255 340 2316 tinus
375 2254 512 2317 mulieri
545 2255 716 2318 tradenda
750 2256 816 2331 est,
857 2274 923 2337 que
958 2257 1133 2318 contemta
1167 2254 1209 2317 ab
1246 2256 1365 2319 eodem

244 2342 379 2418 marito,
411 2363 513 2425 quem
542 2342 605 2406 illa
634 2342 757 2406 sortita
787 2346 848 2420 est,
880 2362 953 2407 esse
977 2343 1209 2420 dinoscitur¹¹;
1241 2343 1292 2408 ita
1314 2348 1363 2421 ut,

244 2431 371 2494 vitam⁰
398 2433 537 2494 tantum
567 2451 772 2509 concessam,
802 2431 955 2496 faciendi
985 2432 1027 2496 de
1058 2437 1154 2496 eamp
1181 2434 1273 2515 quod
1301 2434 1364 2498 ele·

243 2519 333 2602 gerit
361 2520 407 2583 sit
434 2519 487 2582 illi
515 2519 657 2585 libertas
668 2520 689 2582 ¹.
738 2520 838 2585 Certe
869 2521 898 2584 si
928 2523 1007 2605 post
1036 2521 1190 2586 mulieris
1218 2521 1361 2599 obitum,

240 2607 392 2671 filiorum
423 2608 496 2673 eius
526 2609 722 2674 adsertione
748 2609 821 2674 tale
848 2610 947 2674 nefas
969 2609 1078 2674 fuerit
1102 2610 1361 2693 conprobatum,

243 2703 303 2759 aut
338 2697 367 2759 si
401 2696 465 2760 filii
499 2698 637 2775 desunt,
674 2703 715 2761 aq
752 2698 954 2782 propinquis
988 2698 1173 2762 heredibus
1208 2699 1363 2763 extiterit

242 2783 344 2847 huius
374 2786 425 2850 rei
454 2786 633 2869 negotium
663 2789 893 2869 prosecutum,
924 2785 1008 2869 ipsis
1035 2785 1195 2850 similiter
1217 2788 1363 2869 prevari-

242 2873 350 2936 catrix
373 2874 498 2938 mulier
519 2876 680 2939 tradatur
702 2875 740 2937 in
763 2877 981 2958 potestatem,
1012 2878 1052 2936 ut
1080 2875 1200 2939 eodem
1223 2875 1360 2950 iudicio,

240 2981 308 3043 quo
331 2961 455 3025 mulier
479 2965 654 3026 contemta
678 2962 855 3039 debuerat,
887 2963 929 3026 de
960 2982 1106 3046 persona
1134 2963 1206 3026 eius
1234 2964 1362 3045 absque

240 3050 361 3112 mortis
384 3049 565 3113 interitum
588 3050 796 3114 sententiam
819 3050 944 3113 ferant.
992 3050 1081 3114 Sane
1105 3051 1186 3132 quia
1209 3071 1270 3134 per
1293 3072 1362 3112 mu-

241 3137 341 3200 lieres
373 3137 477 3201 etiam
507 3137 610 3199 huius
640 3138 692 3201 rei
721 3137 896 3201 interdum
927 3137 1002 3201 fieri
1032 3138 1120 3201 solet
1150 3138 1360 3215 scandalum,

241 3227 301 3287 ut¹¹
328 3225 447 3288 favore
476 3245 597 3308 regum
626 3225 682 3288 vel
712 3225 865 3288 iudicum
895 3225 986 3289 viros
1016 3226 1171 3309 proprios
1201 3245 1361 3308 spernere

239 3313 432 3389 videantur,
457 3313 534 3377 ideo
555 3312 603 3376 si⁸
625 3333 838 3395 quecumque
855 3313 979 3376 mulier
995 3313 1065 3377 sive
1081 3313 1246 3396 principis
1262 3328 1361 3397 opem

240 3405 301 3464 aut
324 3421 539 3484 quocumque
562 3402 702 3485 ingenio
726 3421 787 3465 seu
802 3401 988 3466 cuiuslibet
1004 3398 1150 3465 auriliot
1172 3401 1362 3466 intenderit

206 3540 212 3554 .
239 3490 330 3555 inter
354 3510 389 3553 se
413 3493 448 3554 et
470 3491 588 3554 virum
606 3511 707 3554 suum
731 3490 917 3554 divortium
941 3491 1025 3567 fieri,
1057 3491 1093 3553 in
1121 3490 1274 3555 eiusdem
1296 3491 1361 3555 viri

239 3580 403 3642 continuo
435 3582 607 3663 potestate
634 3580 784 3656 redacta,
817 3580 937 3644 eadem
967 3584 1056 3662 quau
1083 3579 1239 3663 superius
1263 3581 1360 3643 mari·

238 3670 334 3731 tumv
357 3688 447 3751 pena
470 3669 685 3752 constringit,
710 3668 765 3733 vel
789 3689 855 3752 que
880 3669 922 3733 de
945 3669 1047 3734 rebus
1071 3689 1189 3733 eorum
1214 3672 1266 3733 est
1289 3689 1360 3733 sen·

237 3757 349 3819 tentia
372 3758 571 3835 constituta,
603 3757 811 3822 iscelerateW
835 3757 988 3822 mulieris
1013 3759 1196 3822 damnetur
1225 3759 1359 3822 temeri·

205 3884 210 3896 ·
237 3847 304 3920 tas;
331 3865 371 3909 ea
390 3847 529 3909 tantum
545 3847 746 3911 condicione
762 3849 908 3924 retenta,
933 3849 974 3909 ut
990 3847 1018 3910 si
1034 3847 1188 3910 mulieris
1204 3847 1357 3921 maritus,

344 3983 367 4030 y)
381 3981 423 4024 tc.
437 3981 508 4030 iuxta,
523 3982 580 4032 quod
589 3982 681 4031 praebet
695 3983 741 4025 aa
785 3986 805 4031 z)
820 3994 938 4032 personam
953 3984 999 4026 Bi.
1047 3986 1068 4032 a)
1082 3984 1124 4026 ie.
1139 3987 1291 4034 contemptam
1307 3994 1359 4022 con·

238 4037 306 4073 temie
321 4034 367 4076 132.
428 4034 451 4082 b)
467 4032 592 4083 dispectum
606 4037 652 4077 122.
711 4038 731 4084 c)
746 4033 875 4076 vindicatur
889 4037 936 4079 131,
998 4033 1021 4083 d)
1035 4036 1170 4077 scribtursm
1184 4037 1230 4078 Bi.
1285 4040 1306 4084 e)
1320 4047 1359 4075 ex·

236 4087 321 4135 regerit
335 4087 381 4129 122.
422 4086 558 4136 nexsigens
572 4088 618 4130 1³2.
659 4091 681 4138 g)
696 4099 789 4129 uxorem
803 4090 850 4132 Bl.
891 4089 914 4137 h)
929 4086 1039 4128 adsumsit
1054 4090 1099 4132 Rl.
1141 4089 1157 4137 i)
1171 4089 1298 4129 salvatione
1313 4090 1358 4130 iil,

237 4138 260 4187 k)
274 4140 415 4188 subprestem
430 4140 476 4182 Bi.
551 4141 567 4188 i)
580 4141 708 4191 coniugium
723 4143 770 4184 Ra.
845 4144 875 4190 m)
889 4142 1055 4191 copulentirr.
1136 4145 1160 4190 n)
1174 4139 1298 4182 dinoscitur
1312 4143 1358 4183 ΕΙ,

237 4194 258 4239 0)
273 4193 321 4232 vita
336 4198 423 4232 tantum
438 4203 543 4233 concesse
558 4195 605 4236 Rs.
686 4197 709 4244 p)
727 4196 814 4238 eslii.
896 4195 920 4246 q)
937 4192 967 4234 sd
981 4196 1027 4237 131.
1109 4199 1128 4243 r)
1144 4196 1297 4235 sutfsvorcm
1312 4196 1358 4236 ΕΙ,

237 4248 255 4292 s)
270 4247 326 4284 deest
341 4246 386 4290 ΒΞ.
442 4250 459 4294 t)
474 4247 541 4286 auxio
557 4247 603 4289 121.
657 4249 799 4296 u)qu0132.
854 4251 877 4295 v)
892 4249 972 4288 marito
987 4249 1033 4291 Ira.
1088 4251 1117 4296 w)
1131 4249 1240 4289 scelerate
1255 4248 1300 4289 Ra.

238 4349 264 4415 1)
282 4349 324 4414 Cf.
343 4366 428 4418 cupra
446 4351 501 4416 III,
521 4353 547 4418 4,
568 4355 593 4407 9.
