3000 4934
335 389 413 444 LEX
431 388 545 446 VISIG.
565 387 834 444 Ruocnssvluu.
871 388 923 456 VI,
942 391 968 457 ὅ,
983 392 1024 444 17.
1039 391 1080 445 te.
1217 391 1268 445 201

337 566 432 623 XVII.
463 565 632 621 FLAVIUS
651 565 966 621 CHINDASVINDUS
985 564 1072 622 REX.

321 680 380 744 De
410 679 674 763 parricidis⁸
707 683 749 743 et
779 699 924 743 eorum
953 679 1092 743 rebus.

255 785 342 849 Oum
385 785 521 849 nullum
564 785 789 849 homicidium
827 785 1018 849 volumtate
1063 784 1269 848 conmissum

146 875 272 939 nostris
311 875 446 957 iegibus
484 874 702 956 relinquatur
739 874 906 950 inultum,
946 877 982 937 et
1020 873 1120 935 illum
1159 874 1268 955 magis

146 967 306 1047 oporteat
334 961 480 1026 mortem
509 963 674 1046 excipere,
706 963 765 1045 qui
794 955 1129 1045 consanguinitatisb
1163 963 1269 1045 proxi-

145 1074 241 1115 mum
270 1053 455 1135 presumsit
485 1051 657 1127 occidere;
690 1052 833 1135 proinde
862 1051 927 1114 hoc
956 1070 1055 1114 omne
1084 1070 1145 1134 per
1168 1070 1269 1114 evum

147 1140 404 1224 promulgamus
421 1140 584 1216 edictum,
605 1143 655 1215 ut,
676 1139 881 1222 quicumque
897 1139 1120 1222 parricidium
1135 1138 1267 1215 fecerit,

146 1231 211 1292 hoc
244 1232 296 1292 est
326 1230 460 1311 patrem
491 1231 553 1291 aut
582 1231 728 1291 matrem
763 1247 824 1291 seu
853 1228 998 1290 tratrem
1028 1231 1090 1290 aut
1120 1247 1269 1291 sororem

146 1317 202 1380 vel
225 1335 474 1399 quemcumque
498 1315 564 1378 sibi
587 1315 791 1399 propincum
813 1316 988 1400 proposito
1003 1315 1060 1379 vel
1075 1316 1269 1380 intentione

146 1425 250 1489 prave
285 1404 487 1468 volumtatis
524 1404 701 1480 occiderit,
743 1404 926 1468 confestim
961 1404 1214 1487 conprehensus
1249 1425 1270 1468 a

146 1494 260 1557 iudice
277 1494 398 1557 eadem
413 1497 523 1558 morte
540 1493 713 1577 puniatur,
737 1513 806 1575 qua
828 1494 901 1576 ipse
926 1492 1033 1555 aliurn
1056 1492 1178 1575 punire
1197 1513 1269 1577 pre·

147 1583 278 1646 sumsit.
326 1582 383 1645 Ita
412 1585 461 1659 ut,
494 1602 555 1646 seu
582 1582 635 1645 vir
665 1582 735 1646 sive
765 1581 889 1646 mulier
920 1581 974 1656 sit,
1006 1581 1066 1665 qui
1094 1582 1269 1665 parricidii

147 1671 275 1735 crimen
292 1670 478 1747 admiserit,
503 1671 532 1735 si
555 1670 664 1734 fili0s⁰
685 1690 755 1734 non
771 1669 942 1746 habuerit,
968 1670 1077 1734 omnis
1099 1670 1268 1754 parricide

146 1760 320 1823 hereditas
344 1760 388 1822 ad
412 1759 554 1823 heredes
571 1759 780 1844 propinquos
796 1759 900 1823 occisi
916 1760 1099 1843 pertineat.
1136 1759 1268 1822 sivero

145 1848 233 1911 filios
257 1850 300 1912 de
324 1848 393 1911 alio
417 1848 577 1930 coniugio
600 1848 771 1925 habuerit,
801 1848 968 1913 medietas
991 1847 1171 1911 facultatis
1195 1847 1268 1911 eius

144 1936 224 2000 filiis
248 1937 351 2000 occisi
367 1937 525 2020 proficiat
549 1940 585 2000 et
607 1936 775 2000 medietas
791 1936 871 1999 filiis
888 1936 1073 2019 parricide;
1099 1937 1128 1998 si
1150 1939 1269 1998 tamen

144 2026 181 2087 in
204 2025 346 2090 iscelere
375 2026 483 2109 patris
512 2028 573 2088 aut
601 2026 721 2088 matris
750 2025 877 2087 conscii
900 2045 971 2087 non
993 2023 1126 2087 fuerint
1150 2024 1268 2106 adpro-

143 2113 227 2177 bati.
281 2113 372 2176 Nam
402 2114 431 2176 si
463 2113 616 2177 conscios
648 2132 705 2176 eos
737 2111 849 2176 scelus
879 2115 1063 2194 parentum
1096 2111 1267 2186 habuerit,

144 2202 254 2266 omnis
278 2202 448 2285 parricide
471 2202 647 2265 hereditas
671 2200 751 2263 filiis
775 2201 877 2264 occisi
900 2200 1068 2283 proficiat.
1115 2199 1215 2277 Quod
1239 2200 1268 2264 si

144 2309 255 2372 neque
286 2289 457 2374 parricida
486 2309 597 2372 neque
628 2289 759 2353 occisus
792 2287 880 2352 filios
910 2283 1148 2370 reliquerintd,
1183 2292 1267 2352 tunc

145 2400 282 2443 omnem
309 2378 515 2442 facultatem
543 2377 713 2462 parricide
738 2381 899 2461 parentes
923 2378 1027 2441 occisi
1050 2381 1111 2442 aut
1134 2378 1268 2462 propin-

144 2469 203 2550 qui
233 2468 371 2531 sibimet
400 2467 438 2530 in
468 2467 628 2531 omuibus
658 2466 899 2544 vindicabunt,
932 2465 988 2530 vel
1018 2467 1177 2550 proximi,
1209 2467 1268 2548 qui

143 2560 289 2620 mortem
314 2557 387 2621 eius
410 2556 644 2621 ulciscendam
666 2556 893 2632 institerinu,
918 2556 986 2619 iuri
1009 2576 1070 2619 suo
1095 2555 1268 2639 adplicare

143 2667 213 2708 non
237 2646 410 2710 dubitent.

525 2762 637 2819 XVHI.
668 2763 722 2816 AN
724 2761 845 2831 TIQUA
856 2771 882 2818 ὓ.

144 2876 201 2940 De
230 2877 307 2950 his,
339 2877 407 2958 qui
438 2876 640 2958 proximos
671 2867 908 2956 sanguinisb
937 2873 999 2937 sui
1028 2873 1267 2957 occiderint.

251 2981 288 3044 si
312 2985 446 3065 patrem
469 2981 560 3044 filius
585 2984 646 3044 aut
669 2984 768 3064 pater
792 2980 902 3042 filium
934 3000 994 3044 seu
1022 2980 1167 3042 maritus
1189 2999 1268 3043 uxo-

143 3091 216 3134 rem
240 3073 301 3133 aut
325 3090 410 3131 uxor
433 3070 597 3130 maritum
617 3072 678 3131 aut
694 3072 805 3132 mater
820 3068 928 3131 filiam
952 3071 1012 3131 aut
1036 3067 1108 3130 filia
1124 3069 1268 3130 matrem

145 3162 206 3220 aut
228 3157 339 3220 frater
359 3157 503 3220 fratrem
521 3160 582 3219 aut
599 3176 692 3220 soror
709 3176 859 3219 sororem
883 3159 963 3218 aut⁰
985 3174 1141 3219 socerum
1163 3175 1269 3236 gener

145 3249 206 3309 aut
230 3265 326 3309 socer
346 3264 512 3327 generum
531 3244 587 3307 vel
609 3264 716 3307 nurus
740 3238 897 3307 socrum(1
921 3246 982 3306 aut
1004 3263 1121 3307 socrus
1143 3263 1269 3305 nurum

144 3334 201 3398 vel
216 3353 466 3416 quemcumque
483 3333 784 3415 consanguinitate
808 3332 893 3395 sibi⁰
914 3331 1105 3416 proximum
1130 3334 1192 3395 aut
1207 3352 1269 3394 suo

145 3423 263 3506 generi
294 3422 495 3506 copulatum
525 3421 700 3498 occiderit,
732 3425 842 3485 morte
874 3421 1067 3484 damnetur.
1115 3418 1216 3499 Quod
1240 3421 1268 3483 si

145 3515 286 3597 propter
309 3512 374 3575 hoc
399 3510 572 3575 homicida
595 3511 639 3574 ad
664 3510 845 3574 ecclesiam
868 3509 924 3574 vel
952 3509 996 3572 ad
1024 3508 1149 3573 altaria.
1172 3528 1269 3572 sacra

112 3657 118 3669 .
147 3621 354 3665 concurrens
381 3600 512 3684 pietate
541 3599 735 3683 principum
762 3598 818 3662 vel
847 3598 1002 3662 iudicum
1032 3597 1139 3663 fuerit
1165 3616 1268 3661 reser-

143 3694 244 3754 vatus
277 3691 322 3753 ad
349 3689 459 3753 vitam
467 3687 488 3766 1,
520 3692 686 3772 perpetuo
717 3691 856 3751 maneat
887 3706 1032 3771 persona
1062 3687 1136 3750 eius
1166 3685 1268 3750 exilio

143 3779 350 3862 mancipata.
405 3777 551 3842 Omnem
582 3797 662 3842 vero
695 3775 926 3840 substantiam
956 3796 1054 3839 suam
1084 3774 1268 3839 heredibus

144 3868 247 3932 occisi
270 3868 368 3930 iuxta
391 3866 476 3950 legis
501 3866 686 3949 superioris
703 3866 859 3929 ordinem
875 3865 1033 3928 iubemus
1057 3863 1181 3940 addici,
1208 3866 1269 3926 aut

251 4057 322 4098 XVII.
363 4059 385 4105 a)
399 4052 511 4105 pertarid.
525 4065 609 4104 semper
623 4055 672 4098 132.
732 4054 755 4102 b)
770 4053 1014 4102 comtuguiniuitctem
1028 4053 1076 4095 ΒΞ.
1132 4056 1152 4100 c)
1166 4052 1208 4092 lios
1223 4053 1269 4093 131.

144 4108 168 4158 d)
182 4110 301 4158 reliquerit
314 4110 361 4153 1³1.
416 4108 438 4160 e)
451 4109 593 4148 instituerint
607 4109 653 4151 131.

251 4163 336 4207 xviri.
383 4161 540 4209 tldmtlit.
612 4161 801 4210 butuguism.
870 4159 1002 4211 c)veiB1.
1070 4156 1269 4205 d)soccrum131.

145 4216 167 4269 e)
180 4217 230 4256 rive
244 4217 291 4258 Bl.

146 4359 173 4426 1)
190 4358 232 4424 Cf.
251 4373 338 4426 eupra
355 4371 377 4414 c.
391 4357 433 4413 16.
451 4362 521 4424 etp.
538 4356 601 4422 200,
620 4370 649 4412 n.
662 4356 688 4411 l.
