3000 4934
406 368 462 424 HI.
500 368 621 422 INDEX
640 368 778 423 RERUM
797 368 846 422 ET
865 367 1090 425 VERBORUM.
1256 371 1309 425 395

222 550 284 602 291.
314 550 383 613 313;
415 576 447 584 -
476 545 549 599 vitae
579 546 731 599 communis

223 634 314 670 mores
334 621 393 672 113.

186 689 300 744 vitiosus
322 689 386 756 bos,
414 688 569 756 quadrupes
596 696 641 743 etc.
669 691 729 744 248.

188 831 295 884 vivere:
313 829 385 882 filius
400 828 429 882 X
443 829 538 883 diebus
554 830 648 883 vivens
666 833 730 899 1313

223 901 295 954 filius
324 918 387 954 cum
417 906 496 968 patre
526 901 554 952 in
586 917 730 954 commune

224 973 317 1026 vivens
337 975 405 1039 132;
424 975 619 1025 testamentum
637 972 730 1026 viven-

223 1045 258 1097 tis
276 1047 342 1111 221;
368 1060 447 1096 reum
470 1059 608 1096 reservare
631 1043 730 1096 vivitu-

223 1133 285 1167 rum
304 1118 365 1170 305.

186 1185 329 1239 volumina
346 1185 480 1238 librorum
499 1188 542 1240 82.

188 1257 373 1327 (voluntarie),
381 1255 543 1310 volu'mtarie
554 1259 619 1324 2383
629 1274 663 1325 v.‚
674 1273 730 1309 non

133 1337 136 1341 “
223 1345 287 1381 casu
308 1331 366 1384 195.

187 1399 322 1466 voluntas,
341 1399 477 1451 volumtas
496 1401 539 1454 38.
554 1400 597 1454 87.
611 1401 654 1454 97.
670 1401 729 1454 117.

225 1473 283 1526 147.
310 1473 371 1526 213.
398 1473 459 1524 221.
487 1473 556 1537 244;
583 1470 656 1521 mala
683 1486 729 1522 vo-

222 1541 323 1593 lumtas
344 1544 403 1597 193.
423 1543 490 1609 2ΟΟ;
517 1540 619 1594 crimen
642 1539 730 1593 videri

223 1629 279 1664 non
297 1615 396 1680 potest,
416 1611 490 1679 quod
508 1616 617 1664 nonest
636 1628 671 1664 ex
682 1627 729 1665 vo·

223 1683 338 1736 lumtate
351 1682 526 1735 commissum
538 1686 604 1750 237;
623 1683 729 1735 volum-

223 1759 264 1806 tas
282 1753 424 1807 homicidii
444 1757 510 1821 192;
532 1756 568 1818 cf.
589 1757 649 1810 195.
669 1756 728 1809 196.

222 1829 288 1893 201;
319 1842 353 1878 ex
377 1826 529 1878 volumtate
555 1824 658 1892 aliquid
683 1823 729 1877 ad-

223 1897 333 1948 mittere
345 1899 413 1964 2943
432 1895 515 1949 iudex
527 1896 669 1949 voluntate
682 1912 730 1948 sua

222 1966 344 2019 iudicans
385 1966 505 2019 edictum
546 1971 730 2036 transgressus

803 550 845 600 est
862 546 1019 600 testamenti
1039 550 1079 602 12.
1101 548 1167 614 1483
1195 545 1308 599 ultimae

803 618 966 671 volumtates
984 621 1035 686 823
1062 621 1185 670 extrema
1202 618 1307 670 volum-

803 692 844 740 tas
863 689 919 741 sive
938 688 1040 741 autoris
1057 691 1085 741 et
1097 688 1207 741 testium
1225 706 1308 740 manu

803 759 954 827 subscripta
975 759 1031 812 sive
1050 763 1228 826 utrarumque
1245 776 1307 827 par-

802 830 872 882 tium
898 830 980 900 signis
1007 831 1136 884 roborata
1164 830 1221 883 sive
1247 835 1306 882 tan·

802 901 945 954 tummodo
973 900 1063 953 verbis
1090 908 1182 953 coram
1208 901 1307 969 proba·

803 973 905 1025 tionem
930 972 1103 1041 promulgata
1125 975 1176 1040 823
1201 974 1237 1036 cf.
1258 975 1306 1040 123

803 1043 922 1111 scriptis,
950 1043 1065 1096 testibus
1091 1042 1202 1111 alligare
1230 1059 1307 1094 suam

802 1115 982 1167 volumtatem
1009 1117 1075 1179 1253
1102 1130 1128 1166 v.
1155 1113 1240 1166 servis
1266 1113 1306 1165 in·

802 1185 911 1238 sinuare
929 1189 978 1252 833
1003 1184 1175 1252 presentibus
1193 1185 1307 1238 testibus

802 1273 879 1308 suam
898 1256 1025 1309 ordinare
1036 1273 1062 1310 v.
1078 1258 1144 1323 1253
1162 1272 1213 1324 per
1224 1259 1307 1309 testes

802 1344 879 1379 suam
897 1327 1010 1395 alligare
1027 1344 1053 1380 v.
1072 1329 1123 1394 843
1142 1326 1177 1378 de
1196 1325 1306 1379 defunc·

801 1403 894 1450 torum
921 1396 1106 1450 voluntatibus
1136 1396 1306 1450 conscriben-

802 1469 843 1522 dis
862 1472 911 1536 783
935 1468 1035 1536 scripta
1052 1468 1187 1520 volumtas
1206 1470 1257 1536 833
1280 1485 1306 1523 v.

801 1539 913 1608 propria
948 1557 1032 1592 manu
1068 1539 1220 1607 conscripta
1255 1543 1305 1607 833

801 1612 982 1663 volumtatem
1013 1609 1095 1663 edere
1124 1612 1175 1677 823
1205 1628 1230 1664 v.
1259 1609 1306 1662 de·

802 1681 889 1734 functi
906 1682 1047 1750 publicare
1064 1684 1115 1748 833
1140 1698 1165 1735 v.
1192 1680 1218 1735 d.
1244 1697 1305 1749 sup-

801 1753 920 1820 primere
950 1754 1001 1821 aba
1032 1770 1057 1807 v.
1086 1751 1112 1805 d.
1143 1753 1232 1805 celare
1262 1752 1306 1804 vel

802 1823 899 1876 falsare
927 1827 992 1890 2213
1022 1823 1052 1875 in
1078 1823 1176 1875 itinere
1204 1824 1251 1875 aut
1277 1822 1305 1875 in

802 1894 990 2020 expedittiorisse2
1016 1894 1147 2029 pilabht'kcata
1164 1893 1305 2016 morientis

801 1982 937 2018 voumas
999 1981 1058 2033 30·
1106 1981 1280 2017 amenum.

223 2040 291 2102 3183
312 2067 344 2075 -
367 2063 398 2080 =
418 2038 539 2089 voluntas
557 2040 675 2090 auctoris
687 2039 729 2090 de·
766 2041 844 2090 vota:
882 2036 917 2088 ad
949 2035 1060 2089 secundi
1092 2035 1212 2104 coniugii
1241 2039 1305 2087 vota

223 2108 355 2172 finitionis
381 2108 538 2159 cuiusdam:
569 2125 594 2160 v.
624 2109 729 2177 (manu-
801 2107 930 2161 festinare
949 2110 991 2162 94.

223 2177 366 2244 mittentis)
399 2176 446 2230 III
483 2181 531 2230 aut
560 2178 587 2233 V
618 2179 729 2232 testium
765 2196 833 2232 vox:
869 2181 1021 2231 maternam
1051 2193 1147 2230 vocem
1179 2175 1305 2229 adserere

223 2249 379 2302 testimonio
403 2248 588 2316 conprobetur
612 2252 678 2317 1683
703 2267 728 2302 v.
803 2252 861 2305 119.

223 2320 370 2387 (donantis)
396 2323 437 2375 12.
466 2323 532 2387 148;
559 2319 729 2373 voluntatem
765 2321 908 2374 vulnerare
928 2323 987 2375 191.
1006 2322 1066 2374 245.

222 2391 729 2458 (dmsattonempostobitum)inmutare
765 2393 863 2444 vulnus
888 2395 947 2448 185.
968 2394 1034 2458 1903
1060 2389 1180 2443 vulneris
1204 2405 1304 2458 conpo-

223 2461 361 2514 licentiam
373 2461 484 2530 habent‚
502 2462 566 2529 quia
579 2461 729 2515 similitudo
801 2463 862 2515 sitio
883 2467 946 2532 191;
965 2462 1063 2514 vulnus
1083 2478 1177 2514 curare
1196 2463 1256 2516 292.

558 3117 932 3190 ADDENDUM.

292 3254 323 3307 P.
343 3253 392 3303 XI
395 3253 423 3304 V.
443 3254 521 3316 infra
535 3260 613 3320 post:
638 3255 762 3306 ‘cursivis
778 3270 846 3320 quoe
863 3255 1013 3311 dicuntur'.
1050 3255 1133 3306 adde:
1160 3254 1203 3304 ‘In
1221 3253 1304 3305 codice

186 3326 284 3375 oosissa
303 3326 373 3376 inter
390 3325 470 3390 siqm
490 3326 559 3391 <>
578 3325 694 3379 oddidi'.
