3000 4934
347 349 426 404 tax
443 349 559 407 VISIG.
577 348 847 406 Raccassvmn.
884 350 920 418 V,
938 351 1021 419 4,·18.
1035 353 1077 407 19.
1222 354 1274 407 157

152 533 307 598 existere.
354 533 498 610 Idcirco,
524 533 553 596 si
576 531 728 596 criminis
750 536 872 596 reatua
898 551 1015 596 servus
1038 532 1205 597 obnoxius
1229 533 1274 596 ad

152 621 301 686 alterum
334 620 482 686 fortasse
517 621 694 685 dominum
730 620 940 697 donationis,
975 620 1177 685 vinditionis
1212 624 1273 684 aut

153 710 431 775 commutationis
460 709 566 774 titulo
596 709 774 773 transierit
801 708 999 787 serviturus,
1031 702 1148 773 idemb
1179 709 1273 793 prior

153 799 311 863 dominus
339 801 400 862 aut
427 818 564 863 servum
589 818 652 882 pro
676 796 780 881 culpa
802 798 939 862 tradere
963 800 1024 861 aut
1047 817 1109 881 pro
1134 818 1174 862 eo
1198 818 1273 861 con·

152 907 279 971 ponere
308 886 555 971 conpellendus
578 889 640 951 est.
686 885 778 949 Nam
808 887 867 968 qui
896 885 1004 950 talem
1035 905 1170 951 servum
1198 906 1273 950 con-

152 995 290 1059 parasse
313 975 513 1053 dinoscitur,
545 975 575 1038 si
596 975 803 1059 respondere
825 973 881 1039 vel
905 974 1104 1039 satisfacere
1127 995 1189 1058 pro
1213 974 1274 1038 cri·

152 1065 244 1128 mine
272 1064 345 1129 eius
372 1063 533 1141 noluerit,
564 1063 658 1128 hunc
687 1063 795 1147 priori
825 1063 964 1127 domino
993 1062 1106 1147 pretio
1133 1065 1273 1146 recepto

151 1153 323 1217 restituet
370 1152 451 1236 Ipse
481 1171 616 1236 quoque
646 1172 709 1235 pro
739 1151 861 1216 sceleri
889 1151 977 1216 servi
999 1151 1198 1216 redditurus
1222 1153 1274 1215 est

152 1240 287 1324 petenti
309 1260 521 1324 responsum,
546 1239 610 1303 sub
634 1239 730 1303 cuius
754 1239 907 1303 dominio
928 1259 1063 1304 servum
1079 1239 1274 1304 constiterit

151 1332 367 1413 perpetrasse
389 1331 535 1393 reatum.

330 1497 458 1555 XVIIII.
488 1497 657 1553 PLAVIUS
675 1496 991 1553 GHINDASVINDUS
1008 1496 1096 1551 Rax.

152 1612 213 1676 De
248 1632 332 1675 non
366 1610 619 1675 alienandis
652 1610 926 1764 prbivatorum
961 1612 1003 1675 et
1038 1609 1275 1674 curialium

641 1717 686 1763 re
723 1718 782 1762 us.

259 1805 319 1870 Sil
348 1826 431 1870 cura
460 1805 510 1870 rei
539 1803 722 1868 familiaris
752 1804 869 1869 omitti
897 1825 970 1868 non
999 1804 1111 1882 debet,
1144 1807 1273 1887 quanto

152 1895 261 1978 magis
276 1893 467 1958 hutilitatis
482 1893 631 1977 publice,
650 1914 752 1977 quam
769 1913 903 1977 semper
919 1893 1068 1957 exerceri
1082 1893 1139 1957 vel
1155 1893 1274 1976 augeri

152 2003 289 2048 necesse
312 1985 376 2048 est.
424 1981 579 2047 Ouriales
602 1981 711 2064 igitur
732 1981 788 2046 vel
811 1981 1007 2065 privatim,
1036 1981 1096 2064 qui
1123 1980 1274 2045 caballos

152 2071 300 2155 ponere³
321 2070 378 2135 vel
400 2071 437 2134 in
454 2091 533 2134 arca
548 2070 689 2153 publica
704 2069 921 2134 functionem
937 2068 1094 2133 exolvere
1118 2069 1275 2133 consueti

153 2163 248 2236 sunt,
282 2178 470 2243 numquam
504 2159 643 2243 quidem
673 2157 880 2223 facultatem
914 2177 1012 2221 suam
1040 2158 1189 2222 vendere
1218 2157 1274 2221 vel

154 2248 282 2312 donare
301 2246 358 2311 vel
380 2248 649 2311 commutatione
666 2247 783 2330 aliqua
799 2246 928 2310 debent
948 2245 1110 2310 alienare.
1145 2245 1274 2310 Tamen

154 2336 184 2399 si
207 2335 392 2419 contigerit
414 2338 475 2399 aut
496 2336 688 2400 volumtate
719 2337 781 2399 aut
810 2334 1016 2400 necessitate
1044 2355 1101 2398 eos
1129 2327 1272 2410 alicuib,

155 2425 225 2489 sive
248 2423 439 2489 vinditione
466 2427 527 2488 aut
554 2425 740 2489 donatione
763 2444 824 2488 seu
847 2423 1116 2488 commutatione
1139 2444 1274 2487 omnem

155 2533 252 2577 suam
274 2511 478 2577 facultatem
503 2514 594 2591 dare,
622 2512 693 2588 ille,
718 2514 777 2597 qui
800 2513 981 2597 acceperit,
1006 2533 1147 2577 censum
1169 2512 1273 2589 illius,

155 2621 265 2685 aquo
288 2602 432 2685 accepit,
464 2601 621 2667 exolvere
652 2602 851 2686 procurabit
874 2605 909 2665 et
932 2601 1022 2665 hanc
1050 2602 1160 2685 ipsam
1188 2620 1274 2663 sum·

155 2711 245 2754 mam
269 2710 390 2755 census
414 2691 565 2755 eiusdem
590 2691 760 2774 scripture
784 2711 843 2754 sue
867 2691 952 2754 ordo
976 2711 1038 2774 per
1061 2690 1177 2754 omnia
1200 2709 1275 2752 con-

153 2779 290 2843 tinebit
337 2779 405 2844 Sed
436 2783 472 2844 et
501 2780 561 2862 qui
588 2780 811 2844 medietatem
840 2777 1020 2843 facultatis
1048 2778 1173 2842 talium
1204 2797 1274 2861 per-

155 2886 315 2931 sonarum
336 2867 393 2931 vel
416 2871 551 2950 partem
575 2868 727 2951 aliquam
753 2869 790 2930 in
815 2867 1005 2950 mancipiis,
1033 2867 1144 2943 terris,
1165 2866 1275 2930 vineis

155 2955 380 3038 domibusque
410 2956 617 3039 perceperit,
652 2957 750 3019 iuxta
784 2956 1016 3039 quantitatem
1050 2957 1190 3038 accepte
1225 2955 1276 3017 rei

153 3044 371 3107 functionem
400 3042 577 3126 publicam
604 3043 800 3127 inpleturus
830 3039 922 3108 estd.
970 3043 1056 3122 Qui⁰
1085 3045 1202 3106 autem
1233 3042 1275 3105 de

153 3131 285 3197 talibus
307 3130 463 3213 personis
478 3131 650 3215 accipiens
673 3135 735 3195 aut
757 3152 818 3215 per
833 3125 1024 3215 scripturaf
1042 3130 1147 3206 illius,
1172 3152 1193 3193 a
1208 3150 1275 3212 quo

155 3219 299 3304 accepit,
330 3239 400 3282 non
430 3219 631 3296 ostenderit,
663 3219 746 3303 quid
770 3221 892 3284 exinde
915 3219 1104 3283 functionis
1129 3217 1275 3295 exolvat,

262 3410 346 3451 XVIII.
387 3412 409 3458 a)
423 3413 511 3450 reatum
525 3411 571 3452 ΕΙ,
625 3408 648 3457 b)
663 3407 750 3449 hisdem
764 3410 811 3452 121,

262 3462 358 3506 XVIIII.
398 3466 421 3511 a)
435 3463 519 3512 pribatl
533 3463 580 3505 Rl.
641 3463 664 3510 b)
678 3462 749 3511 sliqul
762 3463 809 3505 ΕΙ.
863 3465 884 3511 c)
898 3461 1054 3502 facultatulam
1067 3462 1088 3500 R
1097 3462 1117 3510 2,
1133 3472 1144 3499 c
1158 3470 1215 3502 corr.
1230 3461 1251 3498 Ε
1260 3463 1277 3503 1.

156 3514 180 3566 d)
193 3518 249 3555 deest
263 3517 310 3560 131.
365 3517 385 3565 a)
400 3517 460 3565 Quin
474 3517 520 3560 ΕΙ,
574 3516 741 3566 Oscrlptursm
755 3517 801 3558 Rl.

158 3675 184 3741 1)
202 3676 243 3740 Cf.
262 3677 300 3727 cd
317 3676 387 3728 banc
405 3677 485 3743 lacem
503 3677 535 3731 F.
556 3677 640 3729 Dalm
659 3677 676 3730 l.
695 3693 716 3730 c.
733 3694 761 3744 p.
774 3677 828 3730 308
840 3691 893 3742 sqq.
967 3673 995 3741 2)
1013 3673 1053 3726 Dc
1071 3672 1222 3726 curtals'bus
1242 3673 1276 3736 cf.

158 3746 242 3799 Dalm
260 3748 278 3801 l.
291 3763 313 3802 c.
329 3765 357 3815 p.
370 3749 424 3803 306
436 3764 505 3815 sqq.,·
523 3747 679 3814 Helffcricls,
694 3748 803 3813 ‘Westq⁸
816 3747 860 3800 R!
871 3764 898 3814 p.
915 3746 966 3800 122
978 3760 1033 3812 sqq.
1052 3774 1086 3783 -
1105 3745 1145 3796 Dc
1160 3744 1279 3812 priuatis

156 3820 190 3882 cf.
212 3817 295 3870 Dalm
319 3819 336 3872 l.
355 3835 376 3872 c.
400 3837 427 3886 p.
449 3821 516 3881 alt·
540 3820 631 3885 Hcpel,
652 3819 819 3882 ‘Stddtcocrfi
843 3819 873 3868 in
891 3816 1000 3868 Italicn'
1020 3815 1059 3881 ΙΙ,
1080 3834 1109 3883 p.
1128 3818 1194 3869 328:
1216 3815 1276 3881 pri·

157 3891 214 3941 vati
238 3914 270 3931 =
294 3905 456 3956 possessores
479 3891 609 3955 Romani,
638 3892 686 3955 qui
711 3905 765 3941 non
791 3895 869 3940 eram
895 3887 1018 3939 curiales.
1062 3886 1165 3938 Isidori
1189 3885 1278 3951 It'tym.

157 3960 209 4025 IX,
229 3962 255 4025 4,
275 3962 324 4014 3οε
348 3959 448 4027 privati
472 3963 537 4011 sunt
559 3959 682 4012 extranei
701 3959 736 4012 ab
754 3957 852 4012 officiis
870 3956 1001 4026 publicis3
1026 3960 1067 4008 cst
1086 3955 1159 4009 enim
1177 3971 1278 4007 norocn

156 4029 348 4098 magistratum
367 4029 480 4082 habenti
498 4030 679 4095 contrarium
705 4034 734 4083 et
752 4028 818 4083 dicti
836 4026 945 4097 prissti,
964 4024 1038 4094 quod
1056 4026 1110 4079 sint
1129 4024 1163 4079 ab
1182 4024 1279 4079 officiis

158 4101 249 4154 curiae
268 4100 393 4154 absoluti.
430 4102 516 4152 Locus
541 4108 631 4153 noster
655 4102 692 4152 cul
716 4101 783 4153 tales
805 4101 928 4168 privatos
952 4104 1069 4166 mactare
1094 4096 1206 4162 otmar,
1233 4096 1281 4163 qul

157 4173 257 4237 fundos
280 4173 427 4223 carealium
450 4172 566 4239 publicis
590 4172 773 4237 functs'onibus
797 4171 922 4224 obswxios
943 4169 1147 4236 acquisiverant.
1192 4168 1280 4219 Altus·

157 4242 306 4307 Helffcrs’ch
329 4261 356 4310 p.
375 4244 435 4297 124.
454 4245 506 4297 160
522 4258 560 4309 sq
651 4244 678 4309 8)
702 4244 742 4296 Sc,
768 4243 805 4293 cul
827 4256 937 4293 cursum
959 4240 1104 4308 publicum.
1142 4237 1182 4291 lla
1199 4252 1280 4289 curua

155 4313 263 4380 publim
280 4314 402 4366 Romano
419 4330 437 4364 c
457 4313 553 4365 Gothis
570 4319 674 4366 servato
690 4315 725 4378 cf.
746 4313 829 4365 Dalm
848 4312 865 4367 l.
884 4328 905 4365 c.
922 4330 951 4379 p.
968 4311 1022 4367 ‘Iso
1039 4327 1077 4377 ms.
