3000 4934
248 347 302 401 ‘bit
437 342 514 397 LEX
533 342 648 399 vnno.
667 341 937 399 RECCESSVIND.
973 341 1057 411 vm,
1075 345 1193 408 5,1-3.

250 530 420 610 procuret.
474 525 575 604 Quod
604 526 633 589 si
663 525 815 590 noluerit
849 546 970 609 porcos
999 525 1095 588 illius
1125 525 1164 588 in
1192 523 1282 588 silva
1313 545 1383 590 sua

250 615 482 679 intromittere
512 615 742 679 decimandos.
773 618 810 678 et
839 614 900 679 ille
929 634 988 678 eos
1017 613 1087 676 alis
1113 614 1188 677 vice
1217 613 1256 675 in
1286 614 1382 678 silva

249 724 312 766 sua
342 704 522 777 invenerit,
552 704 658 768 etiam
681 704 711 765 si
734 703 848 787 porci‘
877 704 979 786 pauci
1006 702 1149 779 fuerint,
1179 723 1291 765 unum
1323 724 1381 767 ex·

250 792 330 856 inde
368 792 428 875 qui
462 791 584 855 silvam
619 812 717 855 suam
751 784 936 856 devendit‘
973 791 1120 855 occidat
1182 790 1220 854 Si
1253 795 1378 856 autem

250 880 387 964 plures¹
412 881 505 964 porci
529 880 671 953 fuerint,
700 882 787 944 duos
815 880 920 944 tollat
947 883 983 944 et
1011 884 1186 963 presumat
1214 880 1380 944 occidere

250 973 286 1033 et
302 969 433 1032 nullam
450 969 658 1032 calumniam
674 969 912 1052 pertimescat;
937 972 974 1033 et
996 968 1247 1031 nihilhominus
1264 970 1380 1032 tertia

249 1058 323 1121 vice
339 1078 428 1131 eum,
446 1058 543 1121 cuius
560 1078 681 1141 porcos
697 1058 840 1125 invenit,
864 1058 1059 1131 admoneat,
1083 1060 1125 1119 ut
1146 1076 1268 1140 porcos
1293 1077 1380 1120 suos

250 1146 286 1209 in
304 1146 426 1210 silvam
443 1146 526 1221 eius,
550 1147 580 1210 si
602 1145 761 1211 voluerit.
786 1147 995 1221 introducat,
1020 1149 1055 1210 et
1079 1145 1251 1210 decimum
1273 1145 1380 1210 iuxta

250 1235 534 1299 consuetudinem
569 1234 690 1298 solvat.
745 1232 845 1312 Quod
875 1235 904 1298 si
934 1255 997 1299 nec
1030 1238 1116 1298 tunc
1144 1234 1297 1297 voluerit
1331 1234 1379 1298 de

249 1324 399 1387 dandis*5
425 1324 565 1388 decimis
589 1324 742 1399 definire,
771 1327 807 1387 et
834 1322 895 1387 illc
918 1343 976 1387 eos
997 1323 1105 1388 tertia
1125 1323 1201 1386 vice
1223 1323 1261 1385 in
1285 1323 1379 1386 silva

249 1433 312 1475 sua
327 1413 386 1494 qui
404 1412 585 1477 interdixit
606 1412 786 1483 invenerit,
811 1412 983 1475 decimum
999 1432 1040 1475 ex
1056 1411 1214 1474 omnibus
1230 1431 1294 1495 pro
1310 1431 1378 1475 suo

249 1501 323 1565 iure
347 1505 532 1585 presumat.
579 1500 719 1564 sivero
743 1501 866 1582 aliquis
890 1501 953 1564 sub
976 1500 1137 1584 pactione
1160 1500 1377 1564 decimarum

250 1609 370 1673 porcos
404 1590 441 1652 in
470 1589 557 1652 silva
585 1589 790 1652 intromittit
819 1588 942 1665 aliena,
973 1593 1010 1653 et
1031 1608 1140 1671 usque
1163 1589 1207 1651 ad
1231 1588 1379 1652 brumas

250 1678 344 1761 porci
361 1678 397 1740 in
413 1677 500 1741 silva
516 1677 658 1742 alterius
675 1678 841 1761 paverint,
867 1670 1041 1742 decimasll
1060 1677 1134 1741 sine
1149 1677 1223 1740 ulla
1238 1680 1379 1741 contra-

250 1759 418 1830 dictione¹
439 1765 621 1850 persolvat.
667 1765 780 1829 Nam²
803 1767 832 1830 si
855 1769 934 1851 post
957 1767 1077 1830 brume
1096 1770 1234 1849 tempus
1249 1786 1379 1848 porcos

249 1875 328 1919 suos
351 1855 387 1918 in
403 1855 498 1932 silva,
523 1875 624 1938 quam
641 1855 862 1932 conduxerat,
887 1854 1039 1920 noluerit
1054 1855 1213 1931 retinere,
1229 1854 1378 1918 vicensi·

249 1964 344 2007 mum
369 1946 483 2028 caput,
512 1944 602 2008 sicut
626 1946 678 2007 est
701 1944 924 2018 consuetudo,
954 1944 1093 2008 domino
1117 1942 1201 2007 silve
1225 1945 1378 2026 cogatur

249 2033 415 2098 exolvere.

666 2132 705 2189 Η.
736 2131 949 2202 inmensa.

249 2245 308 2310 De
333 2246 482 2329 porois
505 2246 623 2310 inter
647 2249 874 2310 consortes
898 2246 949 2308 ad
972 2245 1174 2329 glandem
1196 2243 1239 2306 in
1264 2264 1376 2307 com·

515 2327 659 2396 munib
687 2334 840 2398 fructu
870 2333 1100 2417 susceptis.

355 2439 393 2503 si
422 2440 513 2504 inter
544 2442 717 2504 consortes
748 2440 790 2504 de
821 2439 1006 2523 glandibus
1040 2439 1148 2503 fuerit
1182 2441 1258 2502 orta
1294 2460 1375 2502 con·

247 2528 358 2592 tentio
390 2549 452 2612 pro
482 2549 532 2605 eo,
564 2529 656 2610 quod
686 2548 775 2591 unus
806 2529 869 2592 abc
898 2529 987 2592 alio⁰
1015 2527 1132 2612 plures
1161 2548 1283 2612 porcos
1313 2528 1374 2591 ha-

249 2617 338 2691 beat,
370 2621 453 2681 tnnc
478 2617 537 2700 qui
561 2617 673 2679 minus
697 2617 859 2682 habuerit
882 2616 986 2681 liceat
1009 2617 1042 2681 ei
1065 2617 1253 2680 secundum
1277 2618 1374 2698 quod

247 2709 376 2770 terram
394 2706 518 2770 dividit
541 2726 662 2789 porcos
686 2707 730 2769 ad
753 2705 915 2789 glandem
938 2706 975 2768 in
998 2705 1159 2789 porcione
1183 2725 1245 2768 sua
1268 2705 1374 2768 susci·

247 2814 338 2879 pere,
363 2795 549 2859 dummodo
569 2794 723 2877 equalis⁸
745 2814 908 2859 numerus
932 2795 974 2858 ab
991 2797 1137 2878 utraque
1154 2797 1251 2878 parte
1267 2814 1374 2877 pona-

246 2885 314 2961 tur,
340 2887 375 2948 et
398 2884 617 2969 postmodum
642 2883 791 2947 decimas
815 2883 981 2961 dividant,
1013 2883 1103 2947 sicut
1131 2885 1166 2946 et
1188 2885 1298 2946 terras
1323 2883 1374 2946 di·

246 2971 410 3036 viserunt.

656 3072 711 3128 111.
742 3071 955 3142 Anrrouna.

249 3184 292 3248 Si
327 3185 448 3269 porci
483 3185 533 3248 ad
568 3178 718 3270 pastob
757 3185 801 3248 in
838 3185 997 3268 glande
1035 3183 1233 3274 suscepti
1267 3186 1372 3248 ante

436 3275 562 3338 datas
593 3274 782 3339 decimas
811 3274 934 3338 furto
964 3273 1178 3337 leventur.

356 3380 392 3445 si
415 3381 492 3464 quis
515 3381 559 3444 ad
583 3379 745 3463 glandem
768 3380 831 3443 sub
856 3379 985 3464 placito
1014 3378 1225 3442 decimarum
1248 3398 1372 3462 porcos

247 3469 281 3532 in
319 3469 406 3533 silva
439 3469 653 3533 intromittat
686 3468 801 3533 aliena
831 3471 867 3533 et
897 3488 954 3532 eos
984 3467 1133 3545 occulte,
1169 3466 1371 3552 priusquam

354 3662 376 3705 o)
390 3659 449 3707 nont
464 3660 510 3702 121.
568 3660 632 3707 oua
646 3659 693 3701 121.
703 3660 721 3702 2.
780 3660 802 3707 ς)
817 3656 904 3699 demnis
919 3659 965 3700 Rl.
1020 3657 1044 3709 h)
1058 3655 1169 3697 decimum
1183 3657 1232 3700 Bt.
1286 3656 1303 3704 l)
1316 3666 1372 3696 con-

248 3712 359 3753 trsrtlorn·
374 3713 423 3761 1ης
439 3710 641 3753 oontrsdlntlouem
656 3712 704 3754 nr.

356 3766 384 3808 ll.
425 3766 579 3812 ndssnllt.
634 3764 819 3813 b)oomnanl.
873 3764 1114 3812 e)sballodes.Bl.

356 3819 396 3861 lll.
437 3818 592 3865 affluam.
645 3818 833 3867 minaturum,

248 3961 275 4023 1)
286 3960 469 4029 Supplmdum
481 3966 518 4012 ret
531 3961 615 4025 forte:
630 3961 718 4027 ‘geom
732 3960 856 4025 troistest·
874 3961 909 4024 cf.
923 3960 975 4014 Ed.
988 3958 1068 4014 noth.
1081 3960 1143 4014 349.
1174 3958 1279 4024 voert·
1289 3958 1370 4024 quiss-

246 4048 295 4099 qus
310 4033 388 4101 seori
402 4047 455 4100 pro
470 4046 548 4098 orsos
560 4030 693 4083 tamur
705 4033 734 4082 in
746 4030 778 4086 L.
791 4030 848 4085 Sal.
862 4033 888 4095 2,
900 4032 942 4085 14.
972 4030 1013 4095 Cf.
1026 4031 1108 4082 aiom
1124 4045 1185 4082 eum
1202 4035 1296 4081 nostra
1315 4028 1371 4094 loos

249 4102 278 4158 1..
301 4104 383 4169 Bury.
409 4105 453 4169 23,
473 4105 508 4165 4‚·
531 4104 577 4169 89,
596 4104 624 4159 2.
730 4105 758 4169 2)
784 4102 824 4155 De
849 4102 896 4154 hoc
922 4103 977 4154 loro
1000 4103 1091 4153 minus
1114 4101 1191 4153 olore
1213 4100 1249 4164 cf.
1274 4098 1368 4166 Doto,

248 4175 356 4242 ‘litato
369 4175 456 4230 alred!
472 4192 500 4243 p.
515 4176 575 4230 loo.
642 4175 669 4241 3)
686 4174 726 4228 So.
743 4189 796 4242 pro
810 4175 933 4241 possim
950 4180 1046 4226 amne.
1077 4172 1172 4224 Minus
1188 4177 1256 4223 rede
1272 4171 1304 4223 de
1321 4169 1371 4222 hoo

247 4247 308 4311 loro,
329 4253 359 4299 ut
377 4245 447 4298 milri
460 4247 566 4299 ridetur
576 4246 660 4303 eluro.
681 4244 772 4310 man,
788 4245 911 4311 ‘Kenios'
928 4242 993 4309 111⁹,
1010 4261 1038 4312 p.
1052 4245 1096 4309 59,
1114 4249 1140 4295 et
1159 4242 1268 4306 ‘Weeto
1280 4241 1370 4295 send!

243 4336 271 4387 n.
287 4319 346 4383 100,
367 4335 393 4372 n.
406 4320 432 4373 4.
