3000 4934
292 383 370 440 LEX
388 383 795 442 VISis.Rnconssz1n
829 385 970 454 V1,1,7;
996 391 1022 456 2,
1042 391 1067 445 1.
1086 391 1111 444 2.
1212 392 1262 445 181

140 588 204 633 nec
227 569 372 632 maritus
395 589 457 652 pro
480 563 656 645 uxoremst,
688 589 751 634 nec
774 569 884 634 frater
907 591 969 655 pro
991 570 1169 647 fratrem0,
1199 591 1263 636 nec

140 657 272 721 vicinus
296 678 358 740 pro
373 657 499 733 vicino,
520 677 585 722 nec
608 658 793 741 propincus
814 679 875 742 pro
892 652 1078 743 propincof
1104 659 1261 725 nullamg

141 742 350 810 calumniam
379 746 616 830 pertimescat;
647 747 708 811 sed
737 746 798 811 ille
828 746 921 811 solus
948 748 1122 813 iudicetur
1150 749 1263 832 culpa-

140 834 227 909 vilis,
258 835 317 917 qui
348 834 522 918 culpanda
553 835 738 912 conmittit,
770 839 807 900 et
834 836 964 901 crimen
995 857 1074 900 cum
1100 837 1173 912 illo,
1204 838 1264 920 qui

139 915 263 999 feeith,
288 923 456 987 moriatur
467 923 488 984 ¹.
527 922 600 988 Nec
617 943 828 988 successores
844 928 906 989 aut
921 926 1065 990 heredes
1081 946 1143 1010 pro
1159 925 1263 990 iactis

139 1015 322 1095 parentum
345 1004 475 1075 ullumi
506 1012 699 1095 periculum
722 1014 977 1096 pertimescant.

140 1242 189 1303 ΙΙ.
202 1241 415 1306 TITULUS:
441 1240 503 1305 DE
524 1241 779 1306 MALEFIOIS
799 1242 857 1306 ΕΤ
877 1242 1262 1308 CONSULENTIBUS

421 1345 506 1413 EOS
531 1347 692 1426 ADQUE
716 1347 977 1414 VENEFIOIS.

234 1453 262 1516 Ι.
299 1453 336 1517 Si
358 1454 530 1536 ingenuus
554 1454 597 1519 de
621 1454 733 1519 salute
757 1455 812 1519 vel
836 1459 946 1521 morte
974 1456 1124 1522 hominis
1145 1458 1262 1522 vatici-

299 1545 437 1608 natores
462 1542 629 1607 consulat.

199 1631 263 1693 'II.
298 1630 352 1696 De
374 1631 545 1696 veneficis.

192 1720 262 1782 ΙΙΙ.
298 1719 351 1784 De
376 1719 541 1785 maleficis
566 1723 601 1785 et
625 1720 886 1786 consulentibus
910 1741 977 1787 eos.

172 1808 262 1873 IIII.
299 1807 353 1873 De
383 1808 450 1886 his,
486 1808 546 1893 qui
581 1809 618 1872 in
648 1808 846 1875 hominibus
876 1815 938 1875 aut
969 1811 1176 1877 animalibus
1205 1813 1262 1877 vel

298 1896 569 1981 quibuscumque
606 1898 709 1963 rebus
744 1898 1033 1983 qualiacumquea
1071 1900 1263 1983 ligamenta

238 2043 240 2048 .
298 1988 360 2050 ant
375 1987 616 2070 quodcumque
640 1987 853 2050 contrarium
867 1987 991 2052 fecisse
1006 1989 1260 2073 repperiuntur.

366 2138 390 2196 1.
420 2138 589 2195 FLAVIUS
608 2138 923 2195 OHINDASVINDUS
941 2138 1029 2197 REX.

188 2233 231 2298 Si
258 2235 477 2316 ingennus
506 2233 556 2298 de
583 2233 729 2298 salute
757 2232 827 2299 vel
854 2237 991 2299 morte
1019 2236 1210 2301 hominis

410 2322 736 2387 vaticinatores
766 2323 982 2387 consulat.

1270 2423 1413 2467 bromme.

244 2439 299 2509 Qui
321 2440 356 2495 de
379 2441 466 2495 salute
488 2428 545 2494 vel
568 2432 678 2494 morte
700 2441 831 2512 principis
853 2429 910 2494 vel
934 2431 1179 2516 cuiuscumque
1203 2433 1260 2497 ho·
1269 2478 1392 2520 My„
1405 2479 1430 2519 3.

136 2518 238 2580 minis
262 2529 370 2597 ariolos,
393 2530 531 2600 aruspices
549 2518 606 2584 Vel
624 2529 817 2586 vaticinatores
836 2530 961 2602 consulit,
983 2549 1120 2587 unacum
1138 2532 1190 2600 his,
1213 2506 1428 2625 quiffljsiiiadff

136 2617 328 2688 responderint
353 2606 623 2684 consulentibus,
651 2608 794 2691 ingenui
821 2609 992 2693 siquidem
1018 2609 1166 2692 flagellis
1190 2610 1260 2676 cesi
1268 2613 1380 2688 rebels

137 2715 215 2759 cnm
237 2695 340 2760 rebus
360 2696 519 2761 omnibus
536 2697 618 2762 fisco
633 2696 795 2762 servituri
811 2697 1040 2775 adsocientur,
1065 2701 1127 2763 aut
1143 2718 1164 2763 a
1178 2718 1259 2784 rege

136 2784 192 2848 cui
222 2784 361 2850 iusserit
390 2785 510 2850 donati
540 2789 707 2870 perpetuo
731 2787 870 2851 servitio
894 2786 1113 2851 addicantur.
1160 2781 1261 2867 Quod

136 2872 164 2936 si
195 2876 230 2937 et
260 2873 323 2937 filii
354 2894 472 2938 eorum
501 2873 567 2937 tuli
596 2875 729 2940 fuerint
759 2875 962 2959 parentibus
993 2875 1136 2940 crimine
1166 2877 1259 2950 socii,

136 2961 261 3025 similia
282 2963 505 3026 damnatione
524 2962 733 3045 plectantur.
774 2962 906 3027 sivero
923 2963 966 3028 ab
982 2963 1125 3029 iscelere
1141 2984 1260 3047 paren-

134 3054 211 3112 tum
235 3048 431 3113 habeantur
447 3051 611 3127 extranei,
637 3054 673 3115 et
697 3051 905 3134 dignitatem
929 3055 965 3116 et
988 3071 1104 3116 rernm
1123 3072 1260 3117 omnem

135 3137 394 3221 possessionem,
423 3158 527 3220 quam
551 3142 712 3221 parentes
735 3132 952 3217 amiserintb,
983 3139 1181 3223 plenissime
1205 3141 1261 3206 ob·

134 3225 310 3289 tinebunt.
341 3225 437 3290 Servi
451 3246 533 3290 vero
550 3225 683 3291 diverso
699 3229 825 3309 genere
840 3230 1112 3293 tormentorum⁰
1129 3228 1260 3294 adflicti

135 3316 173 3376 in
187 3314 427 3379 transmarinis
442 3314 600 3399 partibus
616 3315 849 3380 transferendi
862 3316 1069 3394 vendantur,
1083 3320 1124 3381 ut
1140 3319 1260 3382 severi·

134 3407 189 3467 tas
213 3403 365 3467 vindicte
393 3425 463 3467 non
486 3402 616 3468 habeat
639 3407 828 3482 excusatos,
858 3425 943 3488 quos
971 3405 1108 3490 proprie
1131 3406 1260 3471 volum·

134 3491 218 3555 tatis
244 3511 400 3557 excessus
423 3492 556 3558 nefarie
579 3493 862 3577 prevaricationis
885 3494 972 3558 facit
995 3489 1203 3558 obnoxiusd.

354 3645 393 3702 H.
424 3645 594 3702 FLAVIUS
613 3645 929 3702 OHINDASVINDUS
947 3646 1035 3704 REX.

538 3741 598 3807 De
625 3741 854 3807 veneficis.

242 3846 465 3911 Diversorum
493 3849 676 3911 criminum
705 3849 799 3913 noxii
828 3849 962 3914 diverso
986 3852 1068 3914 sunt
1091 3869 1258 3934 penarum

133 3955 259 4017 genere
279 3935 437 4001 feriendi.
477 3936 554 4000 Hac
570 3938 720 4021 primum
742 3938 912 4020 ingenuos
936 3939 1007 4003 sive
1031 3959 1144 4004 servos
1159 3958 1257 4003 vene

241 4087 264 4137 d)
282 4100 353 4130 uxore
372 4090 420 4132 Re.
502 4090 524 4142 e)
542 4091 613 4131 tratre
632 4092 680 4133 Ra.
766 4092 930 4143 Opropinquc
949 4094 996 4136 Rl.
1081 4095 1104 4142 g)
1124 4093 1192 4132 ullam
1211 4093 1259 4134 nr.

135 4143 158 4191 h)
172 4144 258 4183 fecerat
271 4143 320 4186 122.
375 4143 391 4192 i)
405 4143 491 4182 nullum
505 4144 554 4187 122.

240 4197 298 4240 Tl'r.
312 4197 342 4239 11.
383 4197 405 4244 a)
420 4197 578 4247 qualicumque
592 4198 645 4248 1²25
662 4210 683 4246 q.
697 4219 724 4227 -
738 4199 899 4248 repperiuntur
912 4201 956 4243 dee.
971 4201 1018 4244 121.

241 4250 258 4293 l.
293 4253 315 4299 ι)
329 4249 403 4290 simile
417 4251 464 4294 131.
513 4250 537 4299 b>
550 4248 684 4291 admiserint
699 4251 745 4294 121.
793 4254 813 4301 c)
828 4263 936 4303 penarum
951 4253 1001 4297 122.
1048 4251 1259 4301 d>0bnoxios122,

135 4357 161 4422 1)
175 4357 204 4412 V.
218 4357 235 4411 l.
246 4359 288 4415 11.
301 4357 365 4424 Dia.
375 4355 511 4422 XLVIII,
522 4357 552 4412 4:
566 4354 736 4427 extinguitur
745 4356 849 4411 ommen
859 4357 1040 4423 mortalitat03
1053 4359 1088 4423 cf.
1103 4358 1121 4414 l.
1131 4361 1174 4412 20.
1188 4364 1206 4411 t.
1216 4359 1257 4412 19.
