<?xml version="1.0" encoding="UTF-8"?>
<!DOCTYPE html PUBLIC "-//W3C//DTD XHTML 1.0 Transitional//EN"
    "http://www.w3.org/TR/xhtml1/DTD/xhtml1-transitional.dtd">
<html xmlns="http://www.w3.org/1999/xhtml" xml:lang="en" lang="en">
 <head>
  <title>
</title>
<meta http-equiv="Content-Type" content="text/html;charset=utf-8" />
  <meta name='ocr-system' content='tesseract 3.04.00' />
  <meta name='ocr-capabilities' content='ocr_page ocr_carea ocr_par ocr_line ocrx_word'/>
</head>
<body>
  <div class='ocr_page' id='page_1' title='image "./fontesiurisgerm01unkngoog_0340.png"; bbox 0 0 2970 4928; ppageno 0'>
   <div class='ocr_carea' id='block_1_1' title="bbox 392 364 1301 434">
    <p class='ocr_par' dir='ltr' id='par_1_1' title="bbox 392 364 1301 434">
     <span class='ocr_line' id='line_1_1' title="bbox 392 364 1301 434; baseline 0.006 -17"><span class='ocrx_word' id='word_1_1' title='bbox 392 364 469 417; x_wconf 82' lang='lat' dir='ltr'>LEX</span> <span class='ocrx_word' id='word_1_2' title='bbox 487 364 601 422; x_wconf 74' lang='lat' dir='ltr'>visre.</span> <span class='ocrx_word' id='word_1_3' title='bbox 620 365 890 420; x_wconf 78' lang='lat' dir='ltr'>REOOESSVIND.</span> <span class='ocrx_word' id='word_1_4' title='bbox 927 366 994 434; x_wconf 90' lang='grc' dir='ltr'>ΧΗ,</span> <span class='ocrx_word' id='word_1_5' title='bbox 1014 369 1037 433; x_wconf 85' lang='lat'>1,</span> <span class='ocrx_word' id='word_1_6' title='bbox 1057 370 1081 421; x_wconf 81' lang='lat'>2.</span> <span class='ocrx_word' id='word_1_7' title='bbox 1248 368 1301 424; x_wconf 79' lang='lat'>297</span> 
     </span>
    </p>
   </div>
   <div class='ocr_carea' id='block_1_2' title="bbox 350 541 1058 617">
    <p class='ocr_par' dir='ltr' id='par_1_2' title="bbox 350 541 1058 617">
     <span class='ocr_line' id='line_1_2' title="bbox 350 541 1058 617; baseline 0.001 -22"><span class='ocrx_word' id='word_1_8' title='bbox 350 608 355 617; x_wconf 25' lang='lat'><strong><em>⁵</em></strong></span> <span class='ocrx_word' id='word_1_9' title='bbox 417 541 455 595; x_wconf 92' lang='grc' dir='ltr'>Π.</span> <span class='ocrx_word' id='word_1_10' title='bbox 487 541 655 597; x_wconf 83' lang='lat' dir='ltr'><strong>FLAVIUS</strong></span> <span class='ocrx_word' id='word_1_11' title='bbox 673 542 951 601; x_wconf 56' lang='lat' dir='ltr'>RECCAREDUsa</span> <span class='ocrx_word' id='word_1_12' title='bbox 971 541 1058 597; x_wconf 75' lang='lat' dir='ltr'>REX.</span> 
     </span>
    </p>
   </div>
   <div class='ocr_carea' id='block_1_3' title="bbox 179 656 1300 1006">
    <p class='ocr_par' dir='ltr' id='par_1_3' title="bbox 179 656 1300 741">
     <span class='ocr_line' id='line_1_3' title="bbox 179 656 1300 741; baseline -0.002 -19"><span class='ocrx_word' id='word_1_13' title='bbox 179 658 235 722; x_wconf 88' lang='lat' dir='ltr'>Ut</span> <span class='ocrx_word' id='word_1_14' title='bbox 272 656 424 720; x_wconf 79' lang='lat' dir='ltr'>nullus</span> <span class='ocrx_word' id='word_1_15' title='bbox 464 676 511 722; x_wconf 86' lang='lat' dir='ltr'>ex</span> <span class='ocrx_word' id='word_1_16' title='bbox 548 657 629 734; x_wconf 80' lang='lat' dir='ltr'>his,</span> <span class='ocrx_word' id='word_1_17' title='bbox 671 658 743 739; x_wconf 91' lang='lat' dir='ltr'>qui</span> <span class='ocrx_word' id='word_1_18' title='bbox 778 657 1037 741; x_wconf 91' lang='lat' dir='ltr'>populorum</span> <span class='ocrx_word' id='word_1_19' title='bbox 1072 657 1300 741; x_wconf 89' lang='lat' dir='ltr'>accipiunt</span> 
     </span>
    </p>

    <p class='ocr_par' dir='ltr' id='par_1_4' title="bbox 179 747 1299 831">
     <span class='ocr_line' id='line_1_4' title="bbox 179 747 1299 831; baseline 0 -22"><span class='ocrx_word' id='word_1_20' title='bbox 179 749 448 831; x_wconf 90' lang='lat' dir='ltr'>potestatem</span> <span class='ocrx_word' id='word_1_21' title='bbox 477 750 518 809; x_wconf 90' lang='lat' dir='ltr'>et</span> <span class='ocrx_word' id='word_1_22' title='bbox 548 767 704 820; x_wconf 77' lang='lat' dir='ltr'>curam,</span> <span class='ocrx_word' id='word_1_23' title='bbox 737 766 1028 828; x_wconf 90' lang='lat' dir='ltr'>quoscumque</span> <span class='ocrx_word' id='word_1_24' title='bbox 1053 747 1099 809; x_wconf 87' lang='lat' dir='ltr'>dc</span> <span class='ocrx_word' id='word_1_25' title='bbox 1123 747 1299 829; x_wconf 88' lang='lat' dir='ltr'>populis</span> 
     </span>
    </p>

    <p class='ocr_par' dir='ltr' id='par_1_5' title="bbox 179 828 1300 1006">
     <span class='ocr_line' id='line_1_5' title="bbox 179 828 1300 917; baseline -0.001 -18"><span class='ocrx_word' id='word_1_26' title='bbox 179 839 253 899; x_wconf 92' lang='lat' dir='ltr'>aut</span> <span class='ocrx_word' id='word_1_27' title='bbox 285 828 354 896; x_wconf 83' lang='lat' dir='ltr'>inb</span> <span class='ocrx_word' id='word_1_28' title='bbox 387 835 628 898; x_wconf 79' lang='lat' dir='ltr'>sumtibus⁰</span> <span class='ocrx_word' id='word_1_29' title='bbox 665 838 739 897; x_wconf 88' lang='lat' dir='ltr'>aut</span> <span class='ocrx_word' id='word_1_30' title='bbox 772 834 1100 897; x_wconf 73' lang='lat' dir='ltr'>indictionibus</span> <span class='ocrx_word' id='word_1_31' title='bbox 1135 836 1300 917; x_wconf 90' lang='lat' dir='ltr'>inquie-</span> 
     </span>
     <span class='ocr_line' id='line_1_6' title="bbox 552 926 924 1006; baseline -0.003 -21"><span class='ocrx_word' id='word_1_32' title='bbox 552 927 646 986; x_wconf 90' lang='lat' dir='ltr'>tare</span> <span class='ocrx_word' id='word_1_33' title='bbox 675 926 924 1006; x_wconf 89' lang='lat' dir='ltr'>pertemtet.</span> 
     </span>
    </p>
   </div>
   <div class='ocr_carea' id='block_1_4' title="bbox 180 1028 1304 4030">
    <p class='ocr_par' dir='ltr' id='par_1_6' title="bbox 180 1028 1304 4030">
     <span class='ocr_line' id='line_1_7' title="bbox 287 1028 1300 1111; baseline -0.003 -17"><span class='ocrx_word' id='word_1_34' title='bbox 287 1028 424 1104; x_wconf 86' lang='lat' dir='ltr'>Omnes,</span> <span class='ocrx_word' id='word_1_35' title='bbox 457 1050 541 1110; x_wconf 91' lang='lat' dir='ltr'>quos</span> <span class='ocrx_word' id='word_1_36' title='bbox 570 1030 669 1111; x_wconf 90' lang='lat' dir='ltr'>regni</span> <span class='ocrx_word' id='word_1_37' title='bbox 698 1031 809 1092; x_wconf 88' lang='lat' dir='ltr'>nostri</span> <span class='ocrx_word' id='word_1_38' title='bbox 838 1029 1008 1093; x_wconf 80' lang='lat' dir='ltr'>felicitate</span> <span class='ocrx_word' id='word_1_39' title='bbox 1030 1032 1179 1103; x_wconf 80' lang='lat' dir='ltr'>tuemur,</span> <span class='ocrx_word' id='word_1_40' title='bbox 1210 1029 1300 1091; x_wconf 87' lang='lat' dir='ltr'>nihil</span> 
     </span>
     <span class='ocr_line' id='line_1_8' title="bbox 180 1118 1300 1191; baseline -0.002 -10"><span class='ocrx_word' id='word_1_41' title='bbox 180 1119 268 1182; x_wconf 89' lang='lat' dir='ltr'>aliut</span> <span class='ocrx_word' id='word_1_42' title='bbox 292 1138 409 1181; x_wconf 92' lang='lat' dir='ltr'>eorum</span> <span class='ocrx_word' id='word_1_43' title='bbox 426 1118 665 1181; x_wconf 88' lang='lat' dir='ltr'>hutilitatibus</span> <span class='ocrx_word' id='word_1_44' title='bbox 682 1118 910 1191; x_wconf 77' lang='lat' dir='ltr'>consulentes,</span> <span class='ocrx_word' id='word_1_45' title='bbox 935 1118 1118 1180; x_wconf 90' lang='lat' dir='ltr'>momentis</span> <span class='ocrx_word' id='word_1_46' title='bbox 1142 1118 1300 1180; x_wconf 89' lang='lat' dir='ltr'>omuibus</span> 
     </span>
     <span class='ocr_line' id='line_1_9' title="bbox 180 1201 1301 1290; baseline -0.002 -20"><span class='ocrx_word' id='word_1_47' title='bbox 180 1208 379 1282; x_wconf 83' lang='lat' dir='ltr'>statuimus,</span> <span class='ocrx_word' id='word_1_48' title='bbox 417 1207 497 1283; x_wconf 82' lang='lat' dir='ltr'>nisi,</span> <span class='ocrx_word' id='word_1_49' title='bbox 536 1209 576 1268; x_wconf 92' lang='lat' dir='ltr'>ut</span> <span class='ocrx_word' id='word_1_50' title='bbox 612 1201 737 1268; x_wconf 79' lang='lat' dir='ltr'>nullad</span> <span class='ocrx_word' id='word_1_51' title='bbox 779 1207 1035 1290; x_wconf 83' lang='lat' dir='ltr'>dispendiorum</span> <span class='ocrx_word' id='word_1_52' title='bbox 1072 1207 1301 1289; x_wconf 83' lang='lat' dir='ltr'>suspicionem</span> 
     </span>
     <span class='ocr_line' id='line_1_10' title="bbox 180 1294 1301 1380; baseline 0.001 -22"><span class='ocrx_word' id='word_1_53' title='bbox 180 1297 367 1380; x_wconf 90' lang='lat' dir='ltr'>patiantur.</span> <span class='ocrx_word' id='word_1_54' title='bbox 423 1294 515 1372; x_wconf 75' lang='lat' dir='ltr'>Quid</span> <span class='ocrx_word' id='word_1_55' title='bbox 545 1299 598 1357; x_wconf 89' lang='lat' dir='ltr'>est</span> <span class='ocrx_word' id='word_1_56' title='bbox 628 1295 720 1358; x_wconf 90' lang='lat' dir='ltr'>enim</span> <span class='ocrx_word' id='word_1_57' title='bbox 749 1295 882 1358; x_wconf 88' lang='lat' dir='ltr'>iustitie</span> <span class='ocrx_word' id='word_1_58' title='bbox 916 1298 989 1357; x_wconf 90' lang='lat' dir='ltr'>tam</span> <span class='ocrx_word' id='word_1_59' title='bbox 1024 1295 1216 1378; x_wconf 84' lang='lat' dir='ltr'>proximum</span> <span class='ocrx_word' id='word_1_60' title='bbox 1245 1296 1301 1359; x_wconf 92' lang='lat' dir='ltr'>vel</span> 
     </span>
     <span class='ocr_line' id='line_1_11' title="bbox 180 1383 1300 1466; baseline 0 -19"><span class='ocrx_word' id='word_1_61' title='bbox 180 1385 279 1448; x_wconf 91' lang='lat' dir='ltr'>nobis</span> <span class='ocrx_word' id='word_1_62' title='bbox 302 1384 484 1459; x_wconf 76' lang='lat' dir='ltr'>familiare,</span> <span class='ocrx_word' id='word_1_63' title='bbox 516 1404 619 1465; x_wconf 91' lang='lat' dir='ltr'>quam</span> <span class='ocrx_word' id='word_1_64' title='bbox 647 1384 738 1466; x_wconf 88' lang='lat' dir='ltr'>piam</span> <span class='ocrx_word' id='word_1_65' title='bbox 768 1383 927 1446; x_wconf 87' lang='lat' dir='ltr'>fidelibus</span> <span class='ocrx_word' id='word_1_66' title='bbox 958 1405 1099 1446; x_wconf 90' lang='lat' dir='ltr'>manum</span> <span class='ocrx_word' id='word_1_67' title='bbox 1127 1385 1300 1466; x_wconf 84' lang='lat' dir='ltr'>porrigere</span> 
     </span>
     <span class='ocr_line' id='line_1_12' title="bbox 182 1472 1301 1553; baseline -0.001 -18"><span class='ocrx_word' id='word_1_68' title='bbox 182 1477 217 1536; x_wconf 93' lang='lat' dir='ltr'>et</span> <span class='ocrx_word' id='word_1_69' title='bbox 238 1474 328 1535; x_wconf 89' lang='lat' dir='ltr'>iuste</span> <span class='ocrx_word' id='word_1_70' title='bbox 353 1473 425 1546; x_wconf 81' lang='lat' dir='ltr'>hos,</span> <span class='ocrx_word' id='word_1_71' title='bbox 451 1492 534 1553; x_wconf 92' lang='lat' dir='ltr'>quos</span> <span class='ocrx_word' id='word_1_72' title='bbox 550 1472 710 1553; x_wconf 80' lang='lat' dir='ltr'>regimus,</span> <span class='ocrx_word' id='word_1_73' title='bbox 735 1472 771 1533; x_wconf 90' lang='lat' dir='ltr'>in</span> <span class='ocrx_word' id='word_1_74' title='bbox 789 1472 930 1535; x_wconf 91' lang='lat' dir='ltr'>diversis</span> <span class='ocrx_word' id='word_1_75' title='bbox 947 1473 1095 1553; x_wconf 90' lang='lat' dir='ltr'>negotiis</span> <span class='ocrx_word' id='word_1_76' title='bbox 1111 1472 1301 1536; x_wconf 72' lang='lat' dir='ltr'>adiubare?</span> 
     </span>
     <span class='ocr_line' id='line_1_13' title="bbox 182 1561 1296 1642; baseline -0.001 -19"><span class='ocrx_word' id='word_1_77' title='bbox 182 1562 416 1625; x_wconf 89' lang='lat' dir='ltr'>Deceruentes</span> <span class='ocrx_word' id='word_1_78' title='bbox 451 1561 557 1642; x_wconf 91' lang='lat' dir='ltr'>igitur</span> <span class='ocrx_word' id='word_1_79' title='bbox 588 1563 623 1623; x_wconf 89' lang='lat' dir='ltr'>et</span> <span class='ocrx_word' id='word_1_80' title='bbox 653 1561 755 1622; x_wconf 91' lang='lat' dir='ltr'>huius</span> <span class='ocrx_word' id='word_1_81' title='bbox 786 1561 872 1642; x_wconf 90' lang='lat' dir='ltr'>legis</span> <span class='ocrx_word' id='word_1_82' title='bbox 907 1564 1024 1624; x_wconf 88' lang='lat' dir='ltr'>nostre</span> <span class='ocrx_word' id='word_1_83' title='bbox 1059 1561 1296 1624; x_wconf 75' lang='lat' dir='ltr'>severitateme</span> 
     </span>
     <span class='ocr_line' id='line_1_14' title="bbox 183 1649 1301 1725; baseline -0.002 -12"><span class='ocrx_word' id='word_1_84' title='bbox 183 1650 432 1713; x_wconf 74' lang='lat' dir='ltr'>constituentes</span> <span class='ocrx_word' id='word_1_85' title='bbox 456 1649 623 1725; x_wconf 77' lang='lat' dir='ltr'>iubemus,</span> <span class='ocrx_word' id='word_1_86' title='bbox 648 1653 689 1711; x_wconf 94' lang='lat' dir='ltr'>ut</span> <span class='ocrx_word' id='word_1_87' title='bbox 711 1649 817 1712; x_wconf 91' lang='lat' dir='ltr'>nullis</span> <span class='ocrx_word' id='word_1_88' title='bbox 836 1649 1094 1725; x_wconf 79' lang='lat' dir='ltr'>indictionibus,</span> <span class='ocrx_word' id='word_1_89' title='bbox 1120 1650 1301 1712; x_wconf 84' lang='lat' dir='ltr'>exactioni-</span> 
     </span>
     <span class='ocr_line' id='line_1_15' title="bbox 182 1737 1301 1821; baseline 0.001 -21"><span class='ocrx_word' id='word_1_90' title='bbox 182 1738 255 1813; x_wconf 75' lang='lat' dir='ltr'>bus,</span> <span class='ocrx_word' id='word_1_91' title='bbox 280 1738 439 1820; x_wconf 89' lang='lat' dir='ltr'>operibus</span> <span class='ocrx_word' id='word_1_92' title='bbox 460 1738 516 1801; x_wconf 90' lang='lat' dir='ltr'>vel</span> <span class='ocrx_word' id='word_1_93' title='bbox 540 1738 690 1819; x_wconf 86' lang='lat' dir='ltr'>angariis</span> <span class='ocrx_word' id='word_1_94' title='bbox 715 1757 836 1814; x_wconf 80' lang='lat' dir='ltr'>comes,</span> <span class='ocrx_word' id='word_1_95' title='bbox 858 1738 1005 1800; x_wconf 87' lang='lat' dir='ltr'>vicarius</span> <span class='ocrx_word' id='word_1_96' title='bbox 1021 1737 1076 1801; x_wconf 87' lang='lat' dir='ltr'>vel</span> <span class='ocrx_word' id='word_1_97' title='bbox 1095 1737 1217 1801; x_wconf 91' lang='lat' dir='ltr'>vilicus</span> <span class='ocrx_word' id='word_1_98' title='bbox 1241 1759 1301 1821; x_wconf 91' lang='lat' dir='ltr'>pro</span> 
     </span>
     <span class='ocr_line' id='line_1_16' title="bbox 183 1826 1302 1909; baseline 0.001 -20"><span class='ocrx_word' id='word_1_99' title='bbox 183 1829 251 1890; x_wconf 89' lang='lat' dir='ltr'>suis</span> <span class='ocrx_word' id='word_1_100' title='bbox 280 1827 517 1889; x_wconf 90' lang='lat' dir='ltr'>hutilitatibus</span> <span class='ocrx_word' id='word_1_101' title='bbox 546 1826 690 1909; x_wconf 90' lang='lat' dir='ltr'>populos</span> <span class='ocrx_word' id='word_1_102' title='bbox 719 1828 907 1908; x_wconf 77' lang='lat' dir='ltr'>adgravare</span> <span class='ocrx_word' id='word_1_103' title='bbox 936 1830 1136 1909; x_wconf 85' lang='lat' dir='ltr'>presumant</span> <span class='ocrx_word' id='word_1_104' title='bbox 1167 1847 1230 1890; x_wconf 90' lang='lat' dir='ltr'>nec</span> <span class='ocrx_word' id='word_1_105' title='bbox 1259 1828 1302 1890; x_wconf 89' lang='lat' dir='ltr'>de</span> 
     </span>
     <span class='ocr_line' id='line_1_17' title="bbox 184 1908 1302 1997; baseline -0.001 -19"><span class='ocrx_word' id='word_1_106' title='bbox 184 1916 323 1979; x_wconf 86' lang='lat' dir='ltr'>civitate</span> <span class='ocrx_word' id='word_1_107' title='bbox 362 1915 418 1978; x_wconf 89' lang='lat' dir='ltr'>vel</span> <span class='ocrx_word' id='word_1_108' title='bbox 459 1908 524 1978; x_wconf 67' lang='lat' dir='ltr'>deb</span> <span class='ocrx_word' id='word_1_109' title='bbox 564 1915 738 1978; x_wconf 90' lang='lat' dir='ltr'>territorio</span> <span class='ocrx_word' id='word_1_110' title='bbox 778 1935 951 1977; x_wconf 89' lang='lat' dir='ltr'>annonam</span> <span class='ocrx_word' id='word_1_111' title='bbox 991 1915 1179 1997; x_wconf 86' lang='lat' dir='ltr'>accipiant;</span> <span class='ocrx_word' id='word_1_112' title='bbox 1222 1916 1302 1997; x_wconf 87' lang='lat' dir='ltr'>quia</span> 
     </span>
     <span class='ocr_line' id='line_1_18' title="bbox 183 2003 1302 2084; baseline 0 -18"><span class='ocrx_word' id='word_1_113' title='bbox 183 2007 300 2067; x_wconf 88' lang='lat' dir='ltr'>nostra</span> <span class='ocrx_word' id='word_1_114' title='bbox 328 2005 529 2067; x_wconf 76' lang='lat' dir='ltr'>recordatur</span> <span class='ocrx_word' id='word_1_115' title='bbox 553 2003 746 2077; x_wconf 81' lang='lat' dir='ltr'>clementia,</span> <span class='ocrx_word' id='word_1_116' title='bbox 778 2005 879 2084; x_wconf 73' lang='lat' dir='ltr'>quod,</span> <span class='ocrx_word' id='word_1_117' title='bbox 910 2005 992 2066; x_wconf 90' lang='lat' dir='ltr'>dum</span> <span class='ocrx_word' id='word_1_118' title='bbox 1016 2004 1145 2066; x_wconf 89' lang='lat' dir='ltr'>iudices</span> <span class='ocrx_word' id='word_1_119' title='bbox 1169 2004 1302 2066; x_wconf 87' lang='lat' dir='ltr'>ordina·</span> 
     </span>
     <span class='ocr_line' id='line_1_19' title="bbox 183 2085 1302 2175; baseline -0.002 -20"><span class='ocrx_word' id='word_1_120' title='bbox 183 2114 268 2168; x_wconf 81' lang='lat' dir='ltr'>mus,</span> <span class='ocrx_word' id='word_1_121' title='bbox 293 2096 411 2155; x_wconf 89' lang='lat' dir='ltr'>nostra</span> <span class='ocrx_word' id='word_1_122' title='bbox 434 2091 596 2174; x_wconf 87' lang='lat' dir='ltr'>largitate</span> <span class='ocrx_word' id='word_1_123' title='bbox 614 2093 662 2155; x_wconf 92' lang='lat' dir='ltr'>eis</span> <span class='ocrx_word' id='word_1_124' title='bbox 679 2092 872 2175; x_wconf 89' lang='lat' dir='ltr'>conpendia</span> <span class='ocrx_word' id='word_1_125' title='bbox 887 2085 1154 2154; x_wconf 76' lang='lat' dir='ltr'>ministremusf.</span> <span class='ocrx_word' id='word_1_126' title='bbox 1192 2092 1302 2155; x_wconf 81' lang='lat' dir='ltr'>Simili</span> 
     </span>
     <span class='ocr_line' id='line_1_20' title="bbox 183 2181 1302 2263; baseline -0.001 -19"><span class='ocrx_word' id='word_1_127' title='bbox 183 2183 370 2245; x_wconf 87' lang='lat' dir='ltr'>autoritate</span> <span class='ocrx_word' id='word_1_128' title='bbox 386 2181 544 2244; x_wconf 88' lang='lat' dir='ltr'>iubemus</span> <span class='ocrx_word' id='word_1_129' title='bbox 560 2184 728 2244; x_wconf 86' lang='lat' dir='ltr'>rectorem</span> <span class='ocrx_word' id='word_1_130' title='bbox 745 2182 917 2263; x_wconf 90' lang='lat' dir='ltr'>provincie</span> <span class='ocrx_word' id='word_1_131' title='bbox 937 2181 1007 2243; x_wconf 89' lang='lat' dir='ltr'>sive</span> <span class='ocrx_word' id='word_1_132' title='bbox 1025 2182 1184 2244; x_wconf 86' lang='lat' dir='ltr'>comitem</span> <span class='ocrx_word' id='word_1_133' title='bbox 1201 2182 1302 2263; x_wconf 90' lang='lat' dir='ltr'>patri-</span> 
     </span>
     <span class='ocr_line' id='line_1_21' title="bbox 183 2262 1303 2352; baseline -0.001 -20"><span class='ocrx_word' id='word_1_134' title='bbox 183 2271 289 2333; x_wconf 91' lang='lat' dir='ltr'>monii</span> <span class='ocrx_word' id='word_1_135' title='bbox 314 2274 374 2332; x_wconf 87' lang='lat' dir='ltr'>aut</span> <span class='ocrx_word' id='word_1_136' title='bbox 398 2273 530 2333; x_wconf 89' lang='lat' dir='ltr'>actores</span> <span class='ocrx_word' id='word_1_137' title='bbox 554 2269 627 2332; x_wconf 88' lang='lat' dir='ltr'>fisci</span> <span class='ocrx_word' id='word_1_138' title='bbox 651 2271 769 2345; x_wconf 82' lang='lat' dir='ltr'>nostri,</span> <span class='ocrx_word' id='word_1_139' title='bbox 794 2273 860 2331; x_wconf 73' lang='lat' dir='ltr'>utg</span> <span class='ocrx_word' id='word_1_140' title='bbox 886 2269 1020 2331; x_wconf 91' lang='lat' dir='ltr'>nullam</span> <span class='ocrx_word' id='word_1_141' title='bbox 1042 2269 1079 2330; x_wconf 92' lang='lat' dir='ltr'>in</span> <span class='ocrx_word' id='word_1_142' title='bbox 1104 2262 1303 2352; x_wconf 73' lang='lat' dir='ltr'>privatish·l</span> 
     </span>
     <span class='ocr_line' id='line_1_22' title="bbox 184 2357 1302 2441; baseline 0 -20"><span class='ocrx_word' id='word_1_143' title='bbox 184 2359 379 2422; x_wconf 90' lang='lat' dir='ltr'>hominibus</span> <span class='ocrx_word' id='word_1_144' title='bbox 397 2359 549 2421; x_wconf 87' lang='lat' dir='ltr'>habeant</span> <span class='ocrx_word' id='word_1_145' title='bbox 572 2362 780 2441; x_wconf 89' lang='lat' dir='ltr'>potestatem</span> <span class='ocrx_word' id='word_1_146' title='bbox 803 2357 969 2439; x_wconf 88' lang='lat' dir='ltr'>nullaque</span> <span class='ocrx_word' id='word_1_147' title='bbox 993 2378 1049 2421; x_wconf 93' lang='lat' dir='ltr'>eos</span> <span class='ocrx_word' id='word_1_148' title='bbox 1074 2358 1233 2421; x_wconf 87' lang='lat' dir='ltr'>molestia</span> <span class='ocrx_word' id='word_1_149' title='bbox 1255 2359 1302 2421; x_wconf 90' lang='lat' dir='ltr'>in-</span> 
     </span>
     <span class='ocr_line' id='line_1_23' title="bbox 184 2447 1304 2530; baseline 0 -21"><span class='ocrx_word' id='word_1_150' title='bbox 184 2448 350 2529; x_wconf 89' lang='lat' dir='ltr'>quietent.</span> <span class='ocrx_word' id='word_1_151' title='bbox 398 2447 465 2510; x_wconf 80' lang='lat' dir='ltr'>Sed</span> <span class='ocrx_word' id='word_1_152' title='bbox 496 2447 524 2510; x_wconf 93' lang='lat' dir='ltr'>si</span> <span class='ocrx_word' id='word_1_153' title='bbox 554 2448 707 2530; x_wconf 90' lang='lat' dir='ltr'>privatus</span> <span class='ocrx_word' id='word_1_154' title='bbox 739 2468 816 2510; x_wconf 92' lang='lat' dir='ltr'>cum</span> <span class='ocrx_word' id='word_1_155' title='bbox 847 2447 951 2510; x_wconf 89' lang='lat' dir='ltr'>servis</span> <span class='ocrx_word' id='word_1_156' title='bbox 982 2447 1054 2509; x_wconf 91' lang='lat' dir='ltr'>fisci</span> <span class='ocrx_word' id='word_1_157' title='bbox 1085 2447 1221 2511; x_wconf 80' lang='lat' dir='ltr'>nostrig</span> <span class='ocrx_word' id='word_1_158' title='bbox 1247 2448 1304 2509; x_wconf 89' lang='lat' dir='ltr'>ha-</span> 
     </span>
     <span class='ocr_line' id='line_1_24' title="bbox 183 2528 1303 2618; baseline 0 -19"><span class='ocrx_word' id='word_1_159' title='bbox 183 2535 297 2599; x_wconf 88' lang='lat' dir='ltr'>buerit</span> <span class='ocrx_word' id='word_1_160' title='bbox 321 2528 589 2611; x_wconf 64' lang='lat' dir='ltr'>causationemi‚</span> <span class='ocrx_word' id='word_1_161' title='bbox 619 2539 715 2598; x_wconf 90' lang='lat' dir='ltr'>actor</span> <span class='ocrx_word' id='word_1_162' title='bbox 742 2537 797 2599; x_wconf 91' lang='lat' dir='ltr'>vel</span> <span class='ocrx_word' id='word_1_163' title='bbox 826 2529 1043 2618; x_wconf 65' lang='lat' dir='ltr'>procuratori</span> <span class='ocrx_word' id='word_1_164' title='bbox 1076 2537 1303 2599; x_wconf 90' lang='lat' dir='ltr'>commonitus</span> 
     </span>
     <span class='ocr_line' id='line_1_25' title="bbox 183 2624 1304 2706; baseline -0.001 -19"><span class='ocrx_word' id='word_1_165' title='bbox 183 2625 219 2687; x_wconf 92' lang='lat' dir='ltr'>in</span> <span class='ocrx_word' id='word_1_166' title='bbox 249 2625 376 2688; x_wconf 88' lang='lat' dir='ltr'>iudicio</span> <span class='ocrx_word' id='word_1_167' title='bbox 411 2625 554 2687; x_wconf 91' lang='lat' dir='ltr'>rectoris</span> <span class='ocrx_word' id='word_1_168' title='bbox 589 2624 762 2706; x_wconf 86' lang='lat' dir='ltr'>provincie</span> <span class='ocrx_word' id='word_1_169' title='bbox 793 2624 848 2688; x_wconf 93' lang='lat' dir='ltr'>vel</span> <span class='ocrx_word' id='word_1_170' title='bbox 878 2625 1001 2687; x_wconf 88' lang='lat' dir='ltr'>iudicis</span> <span class='ocrx_word' id='word_1_171' title='bbox 1032 2625 1211 2700; x_wconf 82' lang='lat' dir='ltr'>territorii,</span> <span class='ocrx_word' id='word_1_172' title='bbox 1243 2624 1304 2687; x_wconf 95' lang='lat' dir='ltr'>ubi</span> 
     </span>
     <span class='ocr_line' id='line_1_26' title="bbox 184 2713 1303 2796; baseline -0.001 -20"><span class='ocrx_word' id='word_1_173' title='bbox 184 2734 286 2776; x_wconf 88' lang='lat' dir='ltr'>causa</span> <span class='ocrx_word' id='word_1_174' title='bbox 315 2713 422 2776; x_wconf 85' lang='lat' dir='ltr'>fuerit</span> <span class='ocrx_word' id='word_1_175' title='bbox 449 2713 655 2787; x_wconf 81' lang='lat' dir='ltr'>intromissa,</span> <span class='ocrx_word' id='word_1_176' title='bbox 687 2734 787 2776; x_wconf 87' lang='lat' dir='ltr'>suum</span> <span class='ocrx_word' id='word_1_177' title='bbox 814 2716 1028 2796; x_wconf 87' lang='lat' dir='ltr'>representet</span> <span class='ocrx_word' id='word_1_178' title='bbox 1058 2715 1234 2788; x_wconf 84' lang='lat' dir='ltr'>minorem,</span> <span class='ocrx_word' id='word_1_179' title='bbox 1263 2717 1303 2775; x_wconf 90' lang='lat' dir='ltr'>ut</span> 
     </span>
     <span class='ocr_line' id='line_1_27' title="bbox 184 2802 1303 2884; baseline -0.001 -20"><span class='ocrx_word' id='word_1_180' title='bbox 184 2802 335 2865; x_wconf 90' lang='lat' dir='ltr'>discusso</span> <span class='ocrx_word' id='word_1_181' title='bbox 363 2802 503 2884; x_wconf 90' lang='lat' dir='ltr'>negotio</span> <span class='ocrx_word' id='word_1_182' title='bbox 533 2802 748 2866; x_wconf 79' lang='lat' dir='ltr'>districtione</span> <span class='ocrx_word' id='word_1_183' title='bbox 772 2802 878 2883; x_wconf 86' lang='lat' dir='ltr'>legali</span> <span class='ocrx_word' id='word_1_184' title='bbox 900 2802 1168 2883; x_wconf 87' lang='lat' dir='ltr'>uniuscuiusque</span> <span class='ocrx_word' id='word_1_185' title='bbox 1193 2822 1303 2865; x_wconf 86' lang='lat' dir='ltr'>emen-</span> 
     </span>
     <span class='ocr_line' id='line_1_28' title="bbox 183 2889 1303 2972; baseline 0.001 -20"><span class='ocrx_word' id='word_1_186' title='bbox 183 2891 284 2954; x_wconf 91' lang='lat' dir='ltr'>detur</span> <span class='ocrx_word' id='word_1_187' title='bbox 300 2910 465 2954; x_wconf 88' lang='lat' dir='ltr'>excessus.</span> <span class='ocrx_word' id='word_1_188' title='bbox 513 2889 558 2953; x_wconf 83' lang='lat' dir='ltr'>Et</span> <span class='ocrx_word' id='word_1_189' title='bbox 575 2891 664 2971; x_wconf 69' lang='lat' dir='ltr'>quia,</span> <span class='ocrx_word' id='word_1_190' title='bbox 690 2892 772 2952; x_wconf 91' lang='lat' dir='ltr'>dum</span> <span class='ocrx_word' id='word_1_191' title='bbox 787 2890 897 2972; x_wconf 84' lang='lat' dir='ltr'>regali</span> <span class='ocrx_word' id='word_1_192' title='bbox 914 2911 995 2953; x_wconf 88' lang='lat' dir='ltr'>cura</span> <span class='ocrx_word' id='word_1_193' title='bbox 1019 2895 1151 2953; x_wconf 85' lang='lat' dir='ltr'>actores</span> <span class='ocrx_word' id='word_1_194' title='bbox 1175 2894 1303 2953; x_wconf 86' lang='lat' dir='ltr'>nostra-</span> 
     </span>
     <span class='ocr_line' id='line_1_29' title="bbox 182 2979 1303 3062; baseline 0.001 -21"><span class='ocrx_word' id='word_1_195' title='bbox 182 3000 260 3041; x_wconf 91' lang='lat' dir='ltr'>rum</span> <span class='ocrx_word' id='word_1_196' title='bbox 275 2979 548 3062; x_wconf 89' lang='lat' dir='ltr'>perquireremus</span> <span class='ocrx_word' id='word_1_197' title='bbox 565 2980 827 3062; x_wconf 83' lang='lat' dir='ltr'>provinciarum,</span> <span class='ocrx_word' id='word_1_198' title='bbox 843 2979 1066 3062; x_wconf 80' lang='lat' dir='ltr'>conperimus,</span> <span class='ocrx_word' id='word_1_199' title='bbox 1081 2980 1172 3059; x_wconf 91' lang='lat' dir='ltr'>quod</span> <span class='ocrx_word' id='word_1_200' title='bbox 1188 3000 1303 3042; x_wconf 89' lang='lat' dir='ltr'>nume-</span> 
     </span>
     <span class='ocr_line' id='line_1_30' title="bbox 183 3067 1303 3149; baseline 0 -20"><span class='ocrx_word' id='word_1_201' title='bbox 183 3069 263 3130; x_wconf 88' lang='lat' dir='ltr'>rarii</span> <span class='ocrx_word' id='word_1_202' title='bbox 286 3067 342 3130; x_wconf 89' lang='lat' dir='ltr'>vel</span> <span class='ocrx_word' id='word_1_203' title='bbox 367 3067 564 3131; x_wconf 79' lang='lat' dir='ltr'>defensores</span> <span class='ocrx_word' id='word_1_204' title='bbox 589 3088 704 3130; x_wconf 90' lang='lat' dir='ltr'>annua</span> <span class='ocrx_word' id='word_1_205' title='bbox 726 3069 799 3131; x_wconf 90' lang='lat' dir='ltr'>vice</span> <span class='ocrx_word' id='word_1_206' title='bbox 824 3071 1012 3143; x_wconf 75' lang='lat' dir='ltr'>mutentur,</span> <span class='ocrx_word' id='word_1_207' title='bbox 1043 3088 1110 3149; x_wconf 93' lang='lat' dir='ltr'>qua</span> <span class='ocrx_word' id='word_1_208' title='bbox 1135 3068 1176 3130; x_wconf 90' lang='lat' dir='ltr'>de</span> <span class='ocrx_word' id='word_1_209' title='bbox 1201 3088 1303 3130; x_wconf 86' lang='lat' dir='ltr'>causa</span> 
     </span>
     <span class='ocr_line' id='line_1_31' title="bbox 183 3156 1303 3239; baseline -0.001 -21"><span class='ocrx_word' id='word_1_210' title='bbox 183 3157 429 3220; x_wconf 87' lang='lat' dir='ltr'>detrimentum</span> <span class='ocrx_word' id='word_1_211' title='bbox 453 3157 579 3219; x_wconf 90' lang='lat' dir='ltr'>nostris</span> <span class='ocrx_word' id='word_1_212' title='bbox 603 3177 670 3219; x_wconf 89' lang='lat' dir='ltr'>non</span> <span class='ocrx_word' id='word_1_213' title='bbox 696 3157 901 3239; x_wconf 82' lang='lat' dir='ltr'>ambigimus</span> <span class='ocrx_word' id='word_1_214' title='bbox 925 3156 1060 3239; x_wconf 89' lang='lat' dir='ltr'>populis</span> <span class='ocrx_word' id='word_1_215' title='bbox 1085 3156 1229 3239; x_wconf 74' lang='lat' dir='ltr'>evenire,</span> <span class='ocrx_word' id='word_1_216' title='bbox 1256 3156 1303 3217; x_wconf 94' lang='lat' dir='ltr'>id-</span> 
     </span>
     <span class='ocr_line' id='line_1_32' title="bbox 183 3244 1303 3328; baseline -0.002 -20"><span class='ocrx_word' id='word_1_217' title='bbox 183 3264 290 3327; x_wconf 90' lang='lat' dir='ltr'>eoque</span> <span class='ocrx_word' id='word_1_218' title='bbox 313 3245 480 3319; x_wconf 69' lang='lat' dir='ltr'>iubemus,</span> <span class='ocrx_word' id='word_1_219' title='bbox 505 3248 546 3306; x_wconf 92' lang='lat' dir='ltr'>ut</span> <span class='ocrx_word' id='word_1_220' title='bbox 568 3246 784 3309; x_wconf 86' lang='lat' dir='ltr'>numerarius</span> <span class='ocrx_word' id='word_1_221' title='bbox 807 3246 862 3308; x_wconf 92' lang='lat' dir='ltr'>vel</span> <span class='ocrx_word' id='word_1_222' title='bbox 887 3246 1055 3321; x_wconf 79' lang='lat' dir='ltr'>defensor,</span> <span class='ocrx_word' id='word_1_223' title='bbox 1086 3245 1144 3326; x_wconf 93' lang='lat' dir='ltr'>qui</span> <span class='ocrx_word' id='word_1_224' title='bbox 1173 3244 1303 3328; x_wconf 73' lang='lat' dir='ltr'>electus</span> 
     </span>
     <span class='ocr_line' id='line_1_33' title="bbox 184 3333 1303 3417; baseline -0.001 -22"><span class='ocrx_word' id='word_1_225' title='bbox 184 3334 225 3397; x_wconf 92' lang='lat' dir='ltr'>ab</span> <span class='ocrx_word' id='word_1_226' title='bbox 251 3334 418 3417; x_wconf 86' lang='lat' dir='ltr'>episcopis</span> <span class='ocrx_word' id='word_1_227' title='bbox 441 3333 497 3396; x_wconf 93' lang='lat' dir='ltr'>vel</span> <span class='ocrx_word' id='word_1_228' title='bbox 520 3333 656 3417; x_wconf 86' lang='lat' dir='ltr'>populis</span> <span class='ocrx_word' id='word_1_229' title='bbox 679 3334 797 3410; x_wconf 74' lang='lat' dir='ltr'>fuerit,</span> <span class='ocrx_word' id='word_1_230' title='bbox 828 3335 1035 3396; x_wconf 84' lang='lat' dir='ltr'>conmissum</span> <span class='ocrx_word' id='word_1_231' title='bbox 1065 3336 1208 3416; x_wconf 88' lang='lat' dir='ltr'>peragat</span> <span class='ocrx_word' id='word_1_232' title='bbox 1231 3334 1303 3395; x_wconf 86' lang='lat' dir='ltr'>offi-</span> 
     </span>
     <span class='ocr_line' id='line_1_34' title="bbox 183 3421 1303 3498; baseline -0.003 -12"><span class='ocrx_word' id='word_1_233' title='bbox 183 3421 284 3486; x_wconf 87' lang='lat' dir='ltr'>cium.</span> <span class='ocrx_word' id='word_1_234' title='bbox 320 3422 377 3485; x_wconf 92' lang='lat' dir='ltr'>Ita</span> <span class='ocrx_word' id='word_1_235' title='bbox 394 3425 521 3498; x_wconf 79' lang='lat' dir='ltr'>tamen,</span> <span class='ocrx_word' id='word_1_236' title='bbox 543 3427 593 3497; x_wconf 81' lang='lat' dir='ltr'>ut,</span> <span class='ocrx_word' id='word_1_237' title='bbox 619 3423 701 3485; x_wconf 89' lang='lat' dir='ltr'>dum</span> <span class='ocrx_word' id='word_1_238' title='bbox 724 3423 938 3486; x_wconf 89' lang='lat' dir='ltr'>numerarius</span> <span class='ocrx_word' id='word_1_239' title='bbox 961 3421 1017 3485; x_wconf 86' lang='lat' dir='ltr'>vel</span> <span class='ocrx_word' id='word_1_240' title='bbox 1041 3423 1201 3485; x_wconf 79' lang='lat' dir='ltr'>defensor</span> <span class='ocrx_word' id='word_1_241' title='bbox 1217 3421 1303 3484; x_wconf 92' lang='lat' dir='ltr'>ordi-</span> 
     </span>
     <span class='ocr_line' id='line_1_35' title="bbox 182 3511 1303 3588; baseline -0.001 -15"><span class='ocrx_word' id='word_1_242' title='bbox 182 3514 296 3588; x_wconf 78' lang='lat' dir='ltr'>natur,</span> <span class='ocrx_word' id='word_1_243' title='bbox 321 3511 457 3572; x_wconf 86' lang='lat' dir='ltr'>nullum</span> <span class='ocrx_word' id='word_1_244' title='bbox 481 3511 685 3574; x_wconf 90' lang='lat' dir='ltr'>beneficium</span> <span class='ocrx_word' id='word_1_245' title='bbox 710 3512 817 3574; x_wconf 90' lang='lat' dir='ltr'>iudici</span> <span class='ocrx_word' id='word_1_246' title='bbox 841 3512 922 3574; x_wconf 88' lang='lat' dir='ltr'>dare</span> <span class='ocrx_word' id='word_1_247' title='bbox 948 3511 1081 3585; x_wconf 76' lang='lat' dir='ltr'>debeat,</span> <span class='ocrx_word' id='word_1_248' title='bbox 1114 3531 1176 3573; x_wconf 89' lang='lat' dir='ltr'>nec</span> <span class='ocrx_word' id='word_1_249' title='bbox 1200 3511 1303 3573; x_wconf 86' lang='lat' dir='ltr'>iudex</span> 
     </span>
     <span class='ocr_line' id='line_1_36' title="bbox 183 3598 1303 3683; baseline -0.001 -22"><span class='ocrx_word' id='word_1_250' title='bbox 183 3603 358 3682; x_wconf 85' lang='lat' dir='ltr'>presumat</span> <span class='ocrx_word' id='word_1_251' title='bbox 389 3598 432 3662; x_wconf 90' lang='lat' dir='ltr'>ab</span> <span class='ocrx_word' id='word_1_252' title='bbox 463 3600 511 3662; x_wconf 94' lang='lat' dir='ltr'>eis</span> <span class='ocrx_word' id='word_1_253' title='bbox 540 3600 671 3682; x_wconf 89' lang='lat' dir='ltr'>aliquid</span> <span class='ocrx_word' id='word_1_254' title='bbox 700 3601 853 3682; x_wconf 85' lang='lat' dir='ltr'>accipere</span> <span class='ocrx_word' id='word_1_255' title='bbox 877 3600 933 3663; x_wconf 89' lang='lat' dir='ltr'>vel</span> <span class='ocrx_word' id='word_1_256' title='bbox 957 3600 1102 3683; x_wconf 85' lang='lat' dir='ltr'>exigere.</span> <span class='ocrx_word' id='word_1_257' title='bbox 1150 3598 1251 3677; x_wconf 81' lang='lat' dir='ltr'>Quod</span> <span class='ocrx_word' id='word_1_258' title='bbox 1275 3599 1303 3661; x_wconf 93' lang='lat' dir='ltr'>si</span> 
     </span>
     <span class='ocr_line' id='line_1_37' title="bbox 184 3687 1301 3770; baseline 0 -21"><span class='ocrx_word' id='word_1_259' title='bbox 184 3687 259 3770; x_wconf 92' lang='lat' dir='ltr'>quis</span> <span class='ocrx_word' id='word_1_260' title='bbox 282 3689 435 3751; x_wconf 91' lang='lat' dir='ltr'>iudicum</span> <span class='ocrx_word' id='word_1_261' title='bbox 457 3689 548 3751; x_wconf 87' lang='lat' dir='ltr'>hanc</span> <span class='ocrx_word' id='word_1_262' title='bbox 569 3693 722 3752; x_wconf 89' lang='lat' dir='ltr'>nostram</span> <span class='ocrx_word' id='word_1_263' title='bbox 738 3688 992 3752; x_wconf 86' lang='lat' dir='ltr'>transcenderit</span> <span class='ocrx_word' id='word_1_264' title='bbox 1009 3689 1301 3762; x_wconf 82' lang='lat' dir='ltr'>constitutionem,</span> 
     </span>
     <span class='ocr_line' id='line_1_38' title="bbox 183 3771 1303 3860; baseline 0.001 -22"><span class='ocrx_word' id='word_1_265' title='bbox 183 3777 311 3840; x_wconf 91' lang='lat' dir='ltr'>honore</span> <span class='ocrx_word' id='word_1_266' title='bbox 335 3777 490 3860; x_wconf 88' lang='lat' dir='ltr'>privatus</span> <span class='ocrx_word' id='word_1_267' title='bbox 515 3777 632 3841; x_wconf 90' lang='lat' dir='ltr'>decem</span> <span class='ocrx_word' id='word_1_268' title='bbox 653 3777 758 3840; x_wconf 90' lang='lat' dir='ltr'>libras</span> <span class='ocrx_word' id='word_1_269' title='bbox 783 3779 858 3840; x_wconf 88' lang='lat' dir='ltr'>auri</span> <span class='ocrx_word' id='word_1_270' title='bbox 882 3771 983 3840; x_wconf 83' lang='lat' dir='ltr'>fiscob</span> <span class='ocrx_word' id='word_1_271' title='bbox 1004 3771 1142 3841; x_wconf 70' lang='lat' dir='ltr'>nostrob</span> <span class='ocrx_word' id='word_1_272' title='bbox 1163 3780 1303 3840; x_wconf 84' lang='lat' dir='ltr'>coactus</span> 
     </span>
     <span class='ocr_line' id='line_1_39' title="bbox 183 3865 1303 3947; baseline 0 -20"><span class='ocrx_word' id='word_1_273' title='bbox 183 3865 329 3928; x_wconf 82' lang='lat' dir='ltr'>exolvat.</span> <span class='ocrx_word' id='word_1_274' title='bbox 377 3865 578 3929; x_wconf 82' lang='lat' dir='ltr'>Sacerdotes</span> <span class='ocrx_word' id='word_1_275' title='bbox 601 3886 690 3942; x_wconf 81' lang='lat' dir='ltr'>ver0,</span> <span class='ocrx_word' id='word_1_276' title='bbox 722 3887 806 3947; x_wconf 91' lang='lat' dir='ltr'>quos</span> <span class='ocrx_word' id='word_1_277' title='bbox 832 3867 948 3929; x_wconf 90' lang='lat' dir='ltr'>divina</span> <span class='ocrx_word' id='word_1_278' title='bbox 971 3866 1203 3930; x_wconf 88' lang='lat' dir='ltr'>obtestatione</span> <span class='ocrx_word' id='word_1_279' title='bbox 1228 3887 1303 3928; x_wconf 89' lang='lat' dir='ltr'>con·</span> 
     </span>
     <span class='ocr_line' id='line_1_40' title="bbox 182 3948 1303 4030; baseline 0 -15"><span class='ocrx_word' id='word_1_280' title='bbox 182 3948 398 4030; x_wconf 68' lang='lat' dir='ltr'>monemusk,</span> <span class='ocrx_word' id='word_1_281' title='bbox 431 3954 459 4017; x_wconf 92' lang='lat' dir='ltr'>si</span> <span class='ocrx_word' id='word_1_282' title='bbox 483 3974 638 4017; x_wconf 87' lang='lat' dir='ltr'>excessus</span> <span class='ocrx_word' id='word_1_283' title='bbox 662 3955 816 4018; x_wconf 90' lang='lat' dir='ltr'>iudicum</span> <span class='ocrx_word' id='word_1_284' title='bbox 840 3959 900 4018; x_wconf 88' lang='lat' dir='ltr'>aut</span> <span class='ocrx_word' id='word_1_285' title='bbox 925 3959 1080 4018; x_wconf 88' lang='lat' dir='ltr'>actorum</span> <span class='ocrx_word' id='word_1_286' title='bbox 1104 3956 1244 4018; x_wconf 91' lang='lat' dir='ltr'>scierint</span> <span class='ocrx_word' id='word_1_287' title='bbox 1268 3957 1303 4016; x_wconf 91' lang='lat' dir='ltr'>et</span> 
     </span>
    </p>
   </div>
   <div class='ocr_carea' id='block_1_5' title="bbox 182 4107 1303 4264">
    <p class='ocr_par' dir='ltr' id='par_1_7' title="bbox 182 4107 1303 4264">
     <span class='ocr_line' id='line_1_41' title="bbox 288 4107 1303 4158; baseline -0.001 -11"><span class='ocrx_word' id='word_1_288' title='bbox 288 4109 318 4150; x_wconf 82' lang='lat' dir='ltr'>II.</span> <span class='ocrx_word' id='word_1_289' title='bbox 346 4109 472 4157; x_wconf 75' lang='lat' dir='ltr'>a)r&#39;taR2;</span> <span class='ocrx_word' id='word_1_290' title='bbox 487 4107 673 4150; x_wconf 76' lang='lat' dir='ltr'>ReenredusRl.</span> <span class='ocrx_word' id='word_1_291' title='bbox 714 4110 859 4156; x_wconf 66' lang='lat' dir='ltr'>meremur.</span> <span class='ocrx_word' id='word_1_292' title='bbox 898 4109 1087 4158; x_wconf 82' lang='lat' dir='ltr'>o)subtibusR1.</span> <span class='ocrx_word' id='word_1_293' title='bbox 1129 4107 1152 4155; x_wconf 88' lang='lat' dir='ltr'>d)</span> <span class='ocrx_word' id='word_1_294' title='bbox 1163 4109 1246 4145; x_wconf 77' lang='lat' dir='ltr'>nnllam</span> <span class='ocrx_word' id='word_1_295' title='bbox 1257 4108 1303 4147; x_wconf 68' lang='lat'><em>122.</em></span> 
     </span>
     <span class='ocr_line' id='line_1_42' title="bbox 183 4160 1303 4210; baseline -0.003 -11"><span class='ocrx_word' id='word_1_296' title='bbox 183 4162 402 4209; x_wconf 63' lang='lat' dir='ltr'>minoritatem.</span> <span class='ocrx_word' id='word_1_297' title='bbox 463 4163 481 4209; x_wconf 78' lang='lat' dir='ltr'>f)</span> <span class='ocrx_word' id='word_1_298' title='bbox 496 4164 647 4201; x_wconf 83' lang='lat' dir='ltr'>ministramus</span> <span class='ocrx_word' id='word_1_299' title='bbox 662 4163 710 4204; x_wconf 75' lang='grc'>112.</span> <span class='ocrx_word' id='word_1_300' title='bbox 771 4166 793 4210; x_wconf 85' lang='lat' dir='ltr'>g)</span> <span class='ocrx_word' id='word_1_301' title='bbox 807 4167 833 4200; x_wconf 86' lang='lat' dir='ltr'>ut</span> <span class='ocrx_word' id='word_1_302' title='bbox 847 4184 872 4191; x_wconf 93' lang='lat'><em>-</em></span> <span class='ocrx_word' id='word_1_303' title='bbox 887 4162 935 4200; x_wconf 84' lang='lat' dir='ltr'>fisci</span> <span class='ocrx_word' id='word_1_304' title='bbox 950 4163 1021 4201; x_wconf 82' lang='lat' dir='ltr'>nostri</span> <span class='ocrx_word' id='word_1_305' title='bbox 1037 4173 1077 4202; x_wconf 84' lang='lat' dir='ltr'>om.</span> <span class='ocrx_word' id='word_1_306' title='bbox 1088 4171 1130 4208; x_wconf 81' lang='lat' dir='ltr'>per</span> <span class='ocrx_word' id='word_1_307' title='bbox 1144 4171 1239 4199; x_wconf 77' lang='lat' dir='ltr'>errorem</span> <span class='ocrx_word' id='word_1_308' title='bbox 1254 4160 1303 4202; x_wconf 69' lang='lat'>122,</span> 
     </span>
     <span class='ocr_line' id='line_1_43' title="bbox 182 4214 1276 4264; baseline 0.002 -12"><span class='ocrx_word' id='word_1_309' title='bbox 182 4214 206 4262; x_wconf 81' lang='lat' dir='ltr'>h)</span> <span class='ocrx_word' id='word_1_310' title='bbox 220 4215 339 4263; x_wconf 79' lang='lat' dir='ltr'>pravitatis</span> <span class='ocrx_word' id='word_1_311' title='bbox 354 4216 400 4257; x_wconf 70' lang='lat'>121.</span> <span class='ocrx_word' id='word_1_312' title='bbox 454 4216 471 4264; x_wconf 86' lang='grc'>1)</span> <span class='ocrx_word' id='word_1_313' title='bbox 486 4217 569 4255; x_wconf 85' lang='lat' dir='ltr'>tionem</span> <span class='ocrx_word' id='word_1_314' title='bbox 584 4227 603 4258; x_wconf 82' lang='lat' dir='ltr'>a.</span> <span class='ocrx_word' id='word_1_315' title='bbox 618 4228 639 4257; x_wconf 89' lang='lat' dir='ltr'>v.</span> <span class='ocrx_word' id='word_1_316' title='bbox 655 4227 687 4264; x_wconf 88' lang='lat' dir='ltr'>pr.</span> <span class='ocrx_word' id='word_1_317' title='bbox 703 4216 786 4254; x_wconf 79' lang='lat' dir='ltr'>abscisa</span> <span class='ocrx_word' id='word_1_318' title='bbox 800 4217 875 4253; x_wconf 69' lang='lat' dir='ltr'>desunt</span> <span class='ocrx_word' id='word_1_319' title='bbox 889 4217 935 4256; x_wconf 83' lang='lat' dir='ltr'>Rl.</span> <span class='ocrx_word' id='word_1_320' title='bbox 991 4216 1014 4262; x_wconf 85' lang='lat' dir='ltr'>k)</span> <span class='ocrx_word' id='word_1_321' title='bbox 1030 4215 1213 4252; x_wconf 82' lang='lat' dir='ltr'>convenimus</span> <span class='ocrx_word' id='word_1_322' title='bbox 1228 4214 1276 4254; x_wconf 63' lang='lat'>122.</span> 
     </span>
    </p>
   </div>
   <div class='ocr_carea' id='block_1_6' title="bbox 183 4337 870 4406">
    <p class='ocr_par' dir='ltr' id='par_1_8' title="bbox 183 4337 870 4406">
     <span class='ocr_line' id='line_1_44' title="bbox 183 4337 870 4406; baseline -0.003 -14"><span class='ocrx_word' id='word_1_323' title='bbox 183 4337 210 4406; x_wconf 91' lang='lat'>1)</span> <span class='ocrx_word' id='word_1_324' title='bbox 230 4338 270 4390; x_wconf 83' lang='lat' dir='ltr'>Dc</span> <span class='ocrx_word' id='word_1_325' title='bbox 283 4341 402 4405; x_wconf 79' lang='lat' dir='ltr'>privatis</span> <span class='ocrx_word' id='word_1_326' title='bbox 420 4340 456 4403; x_wconf 78' lang='lat' dir='ltr'>cf.</span> <span class='ocrx_word' id='word_1_327' title='bbox 475 4341 556 4392; x_wconf 78' lang='lat' dir='ltr'>etiem</span> <span class='ocrx_word' id='word_1_328' title='bbox 574 4356 660 4405; x_wconf 81' lang='lat' dir='ltr'>supra</span> <span class='ocrx_word' id='word_1_329' title='bbox 674 4356 704 4405; x_wconf 84' lang='lat' dir='ltr'>p.</span> <span class='ocrx_word' id='word_1_330' title='bbox 720 4341 780 4404; x_wconf 84' lang='lat'><strong>157,</strong></span> <span class='ocrx_word' id='word_1_331' title='bbox 800 4357 827 4394; x_wconf 83' lang='lat' dir='ltr'>n.</span> <span class='ocrx_word' id='word_1_332' title='bbox 846 4341 870 4393; x_wconf 80' lang='lat'>2.</span> 
     </span>
    </p>
   </div>
   <div class='ocr_carea' id='block_1_7' title="bbox 0 0 1496 4928">
    <p class='ocr_par' dir='ltr' id='par_1_9' title="bbox 0 0 1496 4928">
     <span class='ocr_line' id='line_1_45' title="bbox 0 0 1496 4928; baseline 0 0"><span class='ocrx_word' id='word_1_333' title='bbox 0 0 1496 4928; x_wconf 95' lang='lat' dir='ltr'> </span> 
     </span>
    </p>
   </div>
  </div>
 </body>
</html>
