3000 4934
232 378 284 432 166
434 373 511 429 LEX
529 371 645 429 VISIG.
664 369 933 428 snccessurae.
978 370 1015 439 V,
1034 373 1059 439 6,
1078 374 1103 429 ὁ.
1123 374 1148 428 6.

232 560 294 621 aut
328 576 389 641 per
418 556 658 640 probationem
692 555 764 619 sive
798 554 1045 638 professionem
1076 554 1148 617 eius
1179 573 1258 618 eum
1288 555 1355 619 sibi

231 665 329 710 reum
345 644 401 710 vel
425 644 616 709 debitorem
640 663 713 708 esse
737 643 904 720 docuerit,
928 643 995 727 ipsi
1017 642 1268 706 nihilhominus
1293 647 1355 707 aut

232 735 330 797 iuxta
353 733 559 816 qualitatem
583 732 693 797 debiti
716 732 916 796 satisfacere
941 730 1188 815 conpellendus
1212 735 1274 810 est,
1299 733 1356 796 vel

233 823 450 887 damnandus
474 842 494 885 a
516 821 641 886 iudice.
677 819 839 899 Quodsi,
865 818 989 902 quibus
1012 812 1112 883 reusb
1139 820 1196 885 vel
1219 820 1356 885 debitor

233 914 358 988 manet,
383 930 453 974 uno
477 910 685 993 eodemque⁰
710 911 865 993 tempore
890 911 1011 973 contra
1034 928 1113 972 eum
1136 928 1238 991 agere
1262 929 1356 993 cepe-

232 993 341 1076 rinsd,
372 998 560 1063 secundum
588 997 823 1080 quantitatem
846 995 955 1061 debiti
978 996 1035 1061 vel
1057 1000 1173 1061 reatus
1198 1001 1259 1061 aut
1281 999 1355 1061 red-

233 1088 314 1152 dat⁰
342 1085 515 1163 omnibus,
547 1089 609 1150 aut
639 1085 798 1150 omnibus
829 1084 1040 1150 addicendus
1071 1088 1124 1149 est
1154 1086 1354 1150 serviturus.

234 1174 384 1254 Querere
399 1178 517 1240 tamen
534 1194 554 1238 a
569 1174 684 1238 iudice
708 1174 753 1239 ad
775 1173 947 1256 liquidum
963 1174 1146 1257 oportebit,
1172 1175 1229 1238 cui
1245 1175 1356 1258 magis

232 1284 311 1329 reus
334 1263 391 1329 vel
414 1262 550 1328 debitor
572 1267 722 1340 maneat,
751 1265 793 1326 ut
820 1262 886 1346 ipsi
911 1262 1076 1327 maiorem
1099 1265 1234 1346 partem
1256 1264 1356 1328 reddi

233 1352 416 1437 precipiat;
442 1355 478 1417 et
502 1352 544 1416 de
567 1351 710 1434 reliquo,
735 1351 828 1434 quod
851 1351 894 1415 de
917 1349 1088 1415 facultate
1111 1351 1162 1416 rei
1184 1351 1241 1416 vel
1264 1351 1356 1416 debi-

232 1442 317 1506 toris
346 1441 564 1518 remanserit,
601 1443 770 1523 quantum
799 1440 966 1504 reddatur
996 1440 1118 1504 ceteris
1148 1439 1252 1505 iudex
1282 1440 1356 1524 ipse

234 1529 417 1594 manifeste
441 1530 643 1613 perpendat.
690 1528 792 1594 Certe
820 1529 849 1592 si
876 1548 947 1592 non
969 1527 1087 1606 fuerit,
1117 1529 1210 1593 unde
1234 1549 1356 1612 conpo-

233 1618 313 1682 sitio
338 1617 450 1683 exolvi
467 1617 603 1695 debeat,
628 1638 707 1683 cum
725 1618 763 1681 id
779 1616 905 1694 saltim,
930 1610 1045 1700 quod‘
1063 1616 1201 1681 videtur
1216 1617 1355 1693 habere,

234 1727 295 1791 pro
319 1707 436 1772 debito
459 1706 515 1771 vel
538 1709 639 1771 reatu
661 1706 832 1790 perpetim
855 1706 1063 1770 serviturum
1085 1706 1189 1770 iudex
1211 1707 1357 1790 petenti-

234 1795 297 1860 bus
320 1795 458 1860 tradere
481 1814 552 1858 non
576 1794 730 1858 desistat.

448 1999 498 2057 VI.
533 1999 702 2055 FLAVIUS
721 1998 1037 2056 CHINDASVINDUS
1054 1999 1143 2058 REX

280 2111 484 2193 Qualiter
508 2112 711 2177 defuncti
734 2112 931 2177 debitum
955 2115 1029 2175 aut
1052 2111 1312 2177 violentiam

448 2205 546 2286 post
574 2204 754 2266 mortem
784 2201 926 2285 possit
956 2200 1135 2285 inquiri.

342 2307 378 2371 si
393 2308 542 2371 viventis
564 2306 751 2371 cuiuslibet
773 2307 959 2372 manifesta
983 2306 1086 2391 culpa
1108 2327 1178 2371 non
1202 2310 1356 2391 apparet,

233 2395 333 2460 nefas
363 2415 436 2460 esse
466 2416 537 2460 non
567 2396 799 2461 dubitandum
828 2398 894 2473 est,
925 2399 966 2459 ut
997 2415 1076 2460 eum
1105 2397 1248 2479 quisque
1278 2400 1358 2480 post

234 2484 369 2549 obitum
391 2484 557 2549 mansisse
581 2484 647 2548 sibi
669 2503 767 2548 reum
783 2487 931 2549 accuset.
977 2484 1031 2549 Nc
1048 2504 1129 2567 ergo
1144 2485 1182 2548 in
1196 2484 1357 2549 fraudem

234 2573 399 2638 heredes⁸
419 2572 578 2638 defuncti
601 2574 807 2657 quicumque
830 2577 909 2658 post
932 2573 996 2638 hec
1018 2572 1106 2637 talia
1122 2576 1266 2638 conetur
1284 2592 1356 2657 pre-

234 2681 376 2739 sumere,
409 2662 512 2726 huius
536 2661 623 2745 legis
646 2662 809 2745 redargui
832 2662 1010 2727 sanctione
1034 2681 1070 2727 se
1093 2662 1237 2740 noverit,
1269 2661 1357 2727 scili·

235 2754 299 2827 cet,
323 2752 373 2827 ut,
398 2751 526 2833 siquis
550 2750 741 2834 quemlibet
764 2750 970 2816 defunctum
989 2750 1182 2815 violentum
1205 2750 1272 2815 sibi
1295 2754 1358 2815 aut

233 2858 450 2923 pervasorem
479 2859 540 2904 sue
569 2840 621 2905 rei
653 2859 714 2904 seu
749 2840 940 2904 debitorem
973 2839 1081 2904 fuisse
1117 2832 1353 2905 adstruxeritb

234 2947 381 3012 eumque
410 2928 650 3012 quodcumque
678 2928 853 2993 inlicitum
883 2929 1009 2993 dixerit
1031 2932 1255 3013 perpetrasse,
1286 2949 1357 2992 non

235 3016 336 3082 aliter
372 3017 445 3082 eius
480 3017 669 3082 adsertioni
703 3017 873 3095 credatur,
909 3016 977 3081 nisi
1011 3037 1072 3101 per
1105 3037 1357 3101 quamcumque

233 3106 472 3190 iscripturame
493 3110 554 3189 aut
576 3106 858 3172 testificationem
881 3105 1074 3189 legitimam
1096 3106 1133 3171 id
1148 3126 1269 3170 verum
1284 3125 1357 3170 esse

234 3194 474 3260 indubitanter
509 3189 692 3260 edoceatl.
746 3194 847 3274 Quod
877 3196 906 3259 si
938 3194 1010 3259 tale
1046 3194 1179 3278 aliquid
1213 3195 1357 3277 quisquc

235 3284 431 3361 convicerit,
462 3288 499 3361 et
529 3284 716 3350 defunctus
745 3283 816 3362 ille,
848 3285 891 3348 de
919 3304 987 3367 quo
1017 3283 1142 3366 agitur,
1174 3283 1263 3347 filios
1285 3304 1357 3346 non

233 3372 445 3456 relinquens,
480 3372 688 3438 facultatem
721 3393 819 3437 suam
854 3373 924 3436 suis
959 3372 1092 3437 libertis
1128 3375 1189 3436 aut
1222 3370 1358 3454 quibus·

236 3480 380 3544 cumque
417 3462 571 3545 personis
602 3461 792 3525 dinoscitur
823 3460 1020 3539 contulisse,
1055 3460 1122 3545 ipsi
1153 3460 1271 3524 liberti
1301 3460 1358 3525 vel

235 3548 303 3613 alie
326 3568 479 3633 persone,
504 3551 602 3614 iuxta
620 3550 712 3633 quod
727 3550 905 3633 possident
921 3551 964 3614 de
979 3549 1082 3615 rebus
1098 3549 1265 3627 defuncti,
1290 3568 1357 3632 que

235 3636 422 3701 defunctus
453 3637 575 3701 debuit
597 3638 653 3702 vel
677 3638 851 3715 conmisit,
880 3638 1063 3703 insistente
1092 3639 1207 3704 iudice
1236 3657 1357 3719 cogan-

234 3729 293 3788 tur
323 3724 491 3790 exolvere.
537 3725 628 3789 Nam
659 3726 688 3790 si
718 3725 807 3790 filios
837 3725 1027 3809 reliquerit,
1059 3730 1095 3792 et
1124 3727 1191 3812 ipsi
1220 3745 1357 3791 omnem

235 3814 308 3877 eius
324 3814 521 3898 possident⁶
537 3813 754 3892 facultatem,
772 3815 839 3899 ipsi
853 3815 974 3899 procul
991 3816 1097 3881 dubio
1114 3816 1260 3898 cogendi
1275 3818 1358 3879 sunt

235 3901 298 3967 illa
321 3901 490 3986 subplere,
507 3903 612 3968 unde
637 3906 738 3968 autor
761 3923 880 3967 eorum
909 3904 1046 3968 debitor
1076 3908 1137 3968 aut
1165 3906 1359 3989 presumtcr

237 3992 453 4055 convincitur
487 3992 652 4057 extitisse.
708 3991 745 4056 Si
780 3993 873 4057 certe
908 3993 1142 4076 predictarum
1177 4013 1359 4058 causarum

342 4200 366 4252 b)
380 4200 447 4239 rebus
460 4200 509 4242 Μ.
524 4200 546 4239 Ε
553 4202 571 4243 1.
627 4199 648 4251 c)
662 4198 741 4241 eadem
754 4210 843 4250 quoquc
857 4200 904 4244 121.
958 4198 982 4248 (l)
996 4200 1172 4246 volnerlntRl.
1226 4203 1247 4250 e)
1262 4198 1359 4241 reddere

235 4253 347 4296 Ram.
400 4251 777 4304 oqnod—perpetlmdcmll.
896 4272 898 4276 ·

343 4307 381 4349 VI.
415 4308 539 4356 a)ito1rrc
554 4305 644 4348 heredia
658 4307 706 4350 121.
720 4307 768 4350 ΕΙ.
808 4307 832 4356 b)
846 4306 879 4345 ita
893 4304 1359 4359 lc1;rbruuxerit131;addlxern12a

236 4360 258 4413 c)
271 4360 406 4411 scripturam
420 4360 470 4404 122.
525 4358 548 4410 d)
562 4358 657 4401 edoceat
672 4362 701 4405 al.
715 4373 743 4405 m.
757 4371 815 4403 corr.
830 4358 927 4402 educent
941 4361 988 4404 Rl.
1042 4362 1064 4409 e)
1077 4357 1270 4409 possideantur.
