3000 4934
389 363 467 418 LEX
485 362 601 419 VISIG.
620 363 891 419 Rmcsssm'o.
927 364 1069 432 5123,
1239 369 1293 422 1⁵51

167 547 348 622 tinueritss,
379 567 441 611 seu
469 547 572 631 ligari
601 548 645 612 ab
675 547 746 612 alio
775 551 838 611 aut
866 550 1024 613 custodie
1044 548 1101 613 vel
1127 549 1286 612 vinculo‘

168 636 357 720 mancipari
379 636 582 721 preceperit,
605 637 705 700 iuxta
726 638 820 720 quod
837 637 899 700 alii
920 637 1045 700 intulit
1064 637 1122 701 vel
1143 638 1293 702 inferes

168 726 251 788 dum
266 725 468 809 preceperit,
485 729 663 809 correptus
679 746 700 789 a
714 726 829 790 iudice
844 726 882 788 in
896 746 934 790 se
948 727 1095 810 recipiat
1108 726 1290 801 talionem

166 814 218 876 ita
240 816 281 876 ut
304 814 368 890 his,
393 813 453 896 qui
476 813 566 879 male
589 814 774 898 pertulerit
795 817 859 877 aut
878 815 1030 898 corporis
1045 815 1293 879 contumeliam

168 903 380 978 sustinuerit,
412 902 442 966 si
472 903 621 986 conponi
647 903 715 967 sibi
741 924 763 966 a
790 906 1005 987 presumtore
1027 903 1187 967 voluerit.
1217 907 1293 966 tan·

166 994 243 1053 tum
266 991 514 1074 conpositionis
537 991 695 1075 accipiat,
726 995 896 1074 quantum
922 992 997 1075 ipse
1022 992 1204 1055 taxaverit.
1231 992 1293 1075 qui

167 1078 332 1144 lesionem
355 1079 511 1143 noscitur
533 1079 726 1162 pertulisse.
771 1080 839 1143 Pro
862 1080 964 1164 alapa
981 1100 1072 1156 vero,
1095 1101 1213 1165 pugno
1235 1079 1292 1144 vel

168 1167 262 1232 calce
285 1169 347 1230 aut
370 1162 611 1251 percussione‘l
630 1168 668 1230 in
683 1168 798 1251 capite
821 1169 1018 1251 proibemus
1035 1169 1179 1233 reddere
1193 1168 1293 1232 talio

167 1276 257 1330 nem,
282 1275 335 1331 ne,
362 1256 445 1319 dnm
459 1254 547 1319 talio
561 1255 775 1339 rependitur,
799 1259 862 1318 aut
884 1256 969 1320 lesio
992 1257 1101 1320 maior
1123 1259 1186 1319 aut
1207 1257 1293 1340 peri·

169 1344 287 1407 culum
316 1344 506 1426 ingeratur.
560 1342 629 1408 Sed
658 1343 689 1407 si
717 1344 795 1426 quis
824 1344 931 1409 haen‘
958 1344 1034 1409 sine
1062 1345 1293 1408 membrorum

169 1433 286 1515 aliqua
308 1432 438 1496 lesione
460 1432 709 1516 presumtiosus
732 1431 903 1508 intulerit,
931 1453 993 1517 pro
1016 1432 1119 1516 alapa
1139 1443 1178 1509 X,
1207 1426 1290 1517 pro‘

169 1540 285 1606 pugno
308 1520 365 1586 vel
389 1519 483 1586 calce
504 1531 562 1586 xx
584 1514 745 1604 flagellas
764 1514 964 1605 suscipiat‘;
989 1542 1052 1605 pro
1074 1522 1292 1605 percussione

168 1629 248 1674 vero
271 1609 308 1673 in
328 1609 450 1693 capite,
475 1609 505 1672 si
527 1609 601 1674 sine
624 1610 793 1693 sanguine
815 1609 934 1686 fuerit,
959 1610 1070 1686 abeo,
1094 1630 1198 1694 quem
1220 1630 1292 1694 per·

167 1699 320 1775 cnsserit,
336 1708 422 1763 XXX
437 1696 576 1780 flagella
591 1698 768 1782 suscipiat.
803 1697 906 1763 Certe
928 1699 989 1783 qui
1011 1698 1092 1764 lesit
1105 1698 1162 1763 rel
1178 1698 1292 1764 leden·

166 1788 248 1851 dum
272 1786 401 1850 dicitur
423 1786 626 1862 instituisse,
656 1787 686 1851 si
715 1808 787 1851 non
817 1807 859 1852 ex
888 1787 996 1872 priori
1023 1787 1201 1871 disposito,
1231 1789 1292 1850 sed

166 1875 281 1939 subito
309 1877 429 1939 exorta
455 1875 518 1940 lite
546 1878 582 1940 et
609 1877 693 1941 cede
716 1876 888 1941 conmissa
909 1876 1027 1959 aliquo
1050 1896 1133 1940 casu
1155 1875 1194 1938 id
1216 1895 1292 1939 con·

165 1964 286 2028 vicerit
314 1983 349 2028 se
373 1963 514 2028 nolente
541 1967 779 2048 perpetratum
806 1964 924 2040 fuisse,
955 1984 1018 2047 pro
1045 1963 1164 2028 evulso
1192 1962 1292 2026 oculo

165 2054 225 2116 det
248 2052 377 2116 solidos
393 2062 425 2116 0.
461 2050 563 2130 Quod
586 2053 616 2115 si
639 2052 835 2134 contigerit,
858 2055 901 2115 nt
924 2052 968 2116 de
991 2052 1112 2115 eodem
1127 2050 1230 2114 oculo
1251 2070 1293 2115 ex

165 2143 264 2225 parte
286 2140 404 2204 videat
427 2140 487 2222 qui
511 2158 693 2224 percussus
716 2142 779 2215 est,
803 2138 929 2203 libram
952 2139 1028 2203 auri
1051 2160 1073 2203 a
1094 2158 1293 2223 percussore

166 2230 203 2292 in
227 2228 501 2312 conpositionem
525 2228 683 2312 accipiat.
723 2225 792 2306 Qui
815 2228 852 2291 in
874 2227 1018 2293 naribus
1040 2227 1089 2292 sic
1112 2247 1293 2312 percussus

167 2321 258 2390 ests,
288 2320 328 2379 ut
351 2337 474 2381 nasum
498 2336 540 2381 ex
562 2317 737 2399 integrum
760 2317 893 2401 perdat,
918 2327 940 2382 c
964 2316 1091 2381 solidos
1114 2336 1293 2401 percussor

167 2406 331 2470 exsolvat.
378 2404 416 2469 si
438 2425 518 2470 vero
542 2425 646 2470 nasus
664 2405 716 2469 ita
731 2405 882 2470 conlisus
897 2409 960 2482 est,
985 2410 1026 2469 ut
1048 2426 1128 2490 pars
1150 2408 1293 2490 turpata

165 2495 301 2559 narium
313 2497 442 2578 pateat,
458 2494 557 2558 iuxta
572 2495 665 2579 quod
679 2495 959 2580 deturpationem
974 2495 1078 2560 iudex
1093 2495 1290 2580 inspexerit,

165 2584 329 2649 damnare
352 2603 423 2648 non
445 2583 638 2648 morabitur
661 2603 911 2668 percussorem
943 2585 1037 2666 quod
1066 2584 1172 2650 etiam
1202 2583 1292 2648 simi·

165 2671 245 2737 liter
279 2673 322 2738 de
357 2671 458 2736 labiis
487 2672 544 2738 vel
574 2671 716 2736 auribus
749 2673 958 2757 precipimus
995 2672 1172 2737 custodiri
1225 2670 1291 2737 Oui

164 2762 402 2844 ponderositas
424 2761 521 2826 tacta
543 2761 661 2838 fuerit,
690 2771 713 2826 O
736 2761 839 2826 solidi
866 2762 994 2827 dentur
1023 2761 1061 2823 in
1088 2760 1291 2845 conpositio

164 2870 252 2916 nem.
301 2849 369 2928 Qui
399 2871 541 2913 manum
564 2869 606 2914 ex
628 2852 704 2913 toto
727 2849 914 2914 absciderit
936 2849 992 2914 vel
1016 2850 1121 2914 etiam
1146 2849 1189 2912 de
1212 2869 1291 2930 quo-

164 2937 251 3002 libet
280 2930 406 3001 hictuh
439 2938 491 3000 ita
519 2937 741 3021 percusserit,
778 2941 819 3000 ut
853 2937 897 3001 ad
932 2936 1069 3001 nullum
1101 2956 1188 3021 opus
1218 2936 1291 3020 ipse

164 3025 390 3109 prodefaciat,
415 3036 436 3090 c
452 3025 581 3089 solidos
604 3044 783 3108 percussor
799 3028 983 3108 conponat.
1021 3024 1089 3089 Pro
1105 3018 1282 3109 pollicem¹

165 3115 283 3178 autem
305 3123 339 3189 L,
364 3133 425 3196 pro
449 3112 608 3195 sequenti
631 3112 742 3196 digito
757 3122 880 3188 xxxx,
904 3132 967 3196 pro
989 3112 1095 3177 tertio
1110 3121 1205 3188 XXX,
1229 3132 1291 3198 pro

165 3203 289 3285 quarto
311 3211 382 3277 XX,
414 3220 476 3325 pro
506 3200 628 3282 quinto
656 3210 684 3266 x
706 3199 836 3265 solidos
865 3200 1113 3285 conpositionis
1143 3198 1290 3265 exolvat,

166 3290 241 3370 Qus
264 3289 411 3354 iscilicet
461 3280 647 3353 summam¹
670 3291 707 3354 et
730 3289 773 3353 de
792 3288 938 3374 pedibus
961 3287 1028 3354 crit
1050 3281 1290 3373 inplendum¹.

164 3380 231 3443 Pro
255 3377 402 3463 singulis
425 3380 543 3443 autem
566 3376 716 3443 excussis
735 3376 899 3442 dentibus
915 3376 1066 3443 duodeni
1089 3375 1192 3442 solidi
1215 3396 1291 3443 con·

164 3471 348 3553 ponantur.
385 3466 454 3548 Qui
478 3486 590 3533 cassos
614 3466 716 3532 alteri
739 3464 893 3550 fregerit,
918 3469 955 3531 et
977 3484 1020 3531 cx
1037 3466 1112 3544 hcc,
1137 3464 1196 3549 qui
1220 3484 1291 3551 per·

164 3578 282 3623 cussus
306 3560 368 3636 est,
393 3555 519 3623 debilis
542 3555 751 3642 apparuerit,
776 3554 900 3621 libram
924 3554 1001 3621 auri
1016 3574 1199 3660 prercusmar
1215 3573 1290 3621 corr·

163 3667 289 3732 ponere
319 3645 536 3731 procurabit;
568 3650 604 3712 et
627 3648 713 3711 stam
735 3644 876 3730 quidem
899 3644 991 3710 inter
1013 3647 1207 3728 rnpcnucw¹
1234 3643 1290 3710 clv

162 3737 332 3802 servanda
360 3735 416 3802 vel
447 3734 660 3822 adinplenda
693 3737 786 3801 sunt
840 3732 878 3800 si
911 3753 993 3801 vero
1027 3753 1144 3801 servus
1180 3732 1286 3799 haar

162 3826 314 3909 ingenuo
346 3824 484 3900 fecerit,
514 3823 569 3890 vel
605 3824 711 3890 etiam
745 3823 934 3906 ingenuum
971 3821 1216 3898 decalvaverit,
1253 3822 1286 3887 ic

164 3914 237 3977 eius
267 3915 441 3996 potestate
469 3913 660 3978 tradendus
690 3906 777 3988 cst',
809 3915 850 3976 ut
877 3912 932 3977 sni
954 3912 1001 3977 sit
1023 3911 1156 3977 arbitrii
1182 3911 1225 3977 dc
1248 3930 1289 3976 co

164 4003 278 4066 lacere
301 4001 395 4083 quod
416 4000 575 4065 voluerit.
616 4000 653 4066 si
676 4004 769 4067 certe
793 4000 964 4083 ingenuus
987 4020 1120 4067 sewum
1145 3998 1289 4065 alterius

165 4087 398 4154 decalvaverit
420 4088 475 4153 vel
500 4087 697 4154 decalvariv
723 4089 860 4155 iusserit
882 4089 1106 4164 rusticanum,
1132 4088 1192 4153 det
1215 4088 1289 4154 cius

272 4243 294 4295 c)
307 4240 433 4283 derlnuarlt
447 4263 472 4272 -
487 4242 578 4283 vinculo
593 4254 634 4285 cm,
650 4243 696 4287 ur,
759 4240 966 4337 strymoniarum
982 4243 1001 4283 u
1010 4245 1027 4287 Ι,
1087 4253 1109 4291 nr
1122 4247 1162 4282 urus
1176 4242 1228 4287 aad
1243 4241 1289 4288 ur,

165 4297 253 4344 namt
266 4296 313 4338 121.
363 4299 386 4344 κ)
400 4296 537 4345 percusserit
551 4296 596 4340 111.
647 4295 671 4344 li)
686 4296 771 4337 alaram
815 4298 832 4340 Ι,
882 4296 899 4347 ly
913 4296 986 4347 perlitus
1001 4297 1048 4340 ur,
1101 4293 1226 4344 lsyuclllm
1241 4295 1288 4340 aa

164 4350 320 4447 awai
336 4347 444 4399 inplenda
459 4349 506 4393 Μ.
562 4354 592 4399 m)
607 4348 712 4392 ratam.
767 4358 792 4397 a)
805 4349 908 4399 tenacula
924 4350 944 4391 lt
952 4351 970 4394 Ι,
1023 4348 1102 4400 colace
1118 4347 1165 4392 ur,
1213 4346 1289 4401 aa«.
