3000 4934
204 353 257 406 128
372 346 450 402 LEX
468 346 584 406 VISIG.
601 345 871 405 anoonssvmn.
906 343 978 415 1111,
996 349 1023 415 2,
1041 347 1155 402 13-15.

203 550 338 614 quoque
363 533 398 593 et
422 530 464 593 de
487 529 671 613 nepotibus
701 529 814 591 forma
836 531 1001 592 servetur.
1049 526 1150 606 Quod
1173 528 1204 592 si
1226 531 1327 612 pater

205 620 246 683 de
270 619 324 681 his
347 618 450 682 rebus
473 617 605 700 aliquid
628 617 790 680 everterit
814 619 875 679 aut
898 636 1000 700 super
1022 619 1170 700 tempus,
1202 616 1327 699 quodm

204 707 431 771 constitutum
460 708 521 782 est,
552 726 606 770 res
630 705 781 768 filiorum
802 708 921 770 tenere
945 705 1178 788 presumserit,
1210 705 1327 768 omnia

204 795 371 860 derebus
396 795 468 858 eius
492 793 562 857 illis
585 793 675 871 filiis,
707 794 749 858 de
778 794 876 857 ouius
903 795 1014 858 matre
1037 814 1092 857 res
1115 813 1188 858 esse
1210 794 1326 858 viden·

202 887 270 960 tur,
296 886 331 947 et
353 882 550 947 reddendan
577 884 659 945 sunt
682 884 718 946 et
741 881 963 946 omnismodis
986 882 1174 946 sarcienda.

606 1033 705 1091 xnn
736 1033 920 1104 ANTIQUA.

204 1148 248 1211 si
280 1149 417 1211 mater
451 1147 494 1209 in
523 1147 747 1210 viduitate
782 1146 1090 1230 permanserit,
1127 1146 1327 1229 equalem

203 1237 321 1299 inter
341 1235 469 1299 filios
491 1235 638 1318 capiat
658 1235 918 1319 portionem;
942 1238 983 1298 et
1004 1233 1107 1317 quid
1129 1234 1177 1298 de
1198 1234 1325 1298 rebus

347 1324 548 1388 filiorum
573 1343 699 1406 agere
725 1323 960 1386 conveniat
982 1325 1172 1386 matrem.

174 1439 187 1466 r
308 1430 429 1508 Mater,
461 1431 490 1493 si
517 1430 554 1492 in
576 1429 746 1493 viduitate
775 1429 1015 1512 permanserit,
1047 1428 1205 1511 equalem
1234 1429 1327 1493 inter

203 1520 292 1583 filios
322 1538 415 1596 suos,
451 1518 487 1581 id
519 1521 570 1581 est
605 1517 743 1600 qualem
776 1518 1009 1599 unusquisque
1043 1538 1084 1581 ex
1118 1516 1212 1595 filiis,
1249 1536 1326 1581 usu-

203 1607 452 1671 fructuariama
469 1606 511 1669 de
526 1605 696 1669 facultate
712 1606 829 1669 mariti
847 1605 975 1669 habeat
990 1605 1198 1688 portionem
1221 1626 1327 1688 quam

203 1715 311 1778 usque
341 1696 386 1758 ad
412 1697 548 1777 tempus
571 1695 642 1757 rite
670 1713 730 1757 sue
757 1694 1016 1757 usufructuario
1043 1694 1117 1758 iure
1139 1694 1326 1778 possideat.

205 1784 366 1849 Ceterum
393 1802 457 1846 nec
487 1783 614 1845 donare
642 1802 706 1845 nec
729 1783 870 1848 vindere
898 1802 961 1846 neo
989 1783 1051 1844 uni
1079 1803 1120 1846 ex
1144 1782 1225 1846 filiis
1250 1802 1327 1847 oon-

203 1872 293 1936 ferre
316 1873 501 1955 presumat.
545 1869 646 1948 Quod
670 1870 698 1933 si
722 1891 797 1934 eam
821 1870 885 1933 filii
907 1871 1102 1953 portionem
1124 1871 1235 1954 ipsam
1258 1893 1327 1934 ma-

202 1964 292 2026 trem
326 1962 479 2025 evertere
511 1979 572 2023 seu
606 1979 667 2042 per
700 1959 953 2041 neclegentiam
987 1959 1057 2022 sive
1089 1979 1151 2042 per
1181 1959 1327 2022 hodium

203 2050 293 2113 forte
311 2041 586 2133 prespexerintb,
611 2048 655 2111 ad
671 2047 833 2111 comitem
849 2047 999 2111 civitatis
1023 2049 1085 2110 aut
1108 2048 1152 2111 ad
1175 2048 1327 2111 iudicem

202 2139 331 2202 referre
360 2159 431 2201 non
455 2137 626 2213 differant,
655 2138 696 2198 ut
719 2138 865 2200 matrem
888 2155 950 2198 sua
973 2136 1226 2202 contestatione
1251 2157 1333 2208 oon--

203 2229 375 2302 moneant,
406 2245 450 2290 ne
478 2245 542 2301 res,
573 2244 658 2307 quas
686 2224 980 2288 usufructuarias⁰
1009 2225 1151 2308 accepit,
1182 2227 1326 2289 evertat.

203 2314 294 2377 Nam
320 2315 514 2390 usufructu,
542 2333 645 2395 quem
671 2313 746 2396 ipsa
775 2313 891 2376 fuerat
918 2315 1133 2396 perceptura,
1163 2313 1245 2377 dare
1270 2313 1328 2376 oui

202 2402 360 2477 voluerit,
385 2402 457 2465 filio
473 2401 529 2465 vel
544 2401 625 2478 filie,
649 2422 719 2464 non
734 2403 880 2465 vetetur.
928 2401 997 2465 Sed
1020 2404 1056 2465 et
1078 2401 1171 2484 quod
1191 2402 1234 2465 de
1249 2401 1326 2485 ipso

203 2510 268 2553 usu
298 2490 364 2554 sibi
394 2490 511 2554 debito
541 2491 631 2553 iuste
662 2489 862 2571 conquirere
890 2490 1052 2572 potuerit,
1083 2489 1192 2554 faciat
1220 2491 1327 2572 quod·

204 2598 349 2660 cumque
376 2578 430 2641 illi
457 2578 678 2642 omnismodis
706 2578 893 2642 iustissime
916 2578 1096 2661 placuerit.
1142 2577 1273 2642 Verum
1297 2579 1327 2642 si

204 2687 244 2730 ex
270 2686 310 2731 ea
331 2667 590 2730 usufructuaria
617 2667 775 2750 portione
804 2667 935 2750 aliquid
962 2667 1130 2750 probatur
1157 2686 1324 2745 eversum,

203 2755 283 2818 filiis
310 2759 389 2839 post
412 2758 558 2819 mortem
585 2755 706 2818 matris
730 2756 772 2818 de
796 2756 870 2819 eius
893 2755 1121 2819 facultatibus
1144 2755 1326 2819 sarciatur.

203 2843 286 2908 Post
309 2844 468 2908 hobitum
483 2865 564 2908 vero
583 2844 703 2907 matris
726 2845 848 2926 portio,
874 2863 977 2926 quam
1000 2846 1110 2908 mater
1132 2848 1326 2927 acceperat,

203 2933 247 2996 ad
270 2933 360 2996 filios
384 2933 553 3015 equaliter
575 2935 778 3009 revertatur,
803 2933 884 3014 quia
902 2953 972 2996 non
987 2934 1132 3015 possunt
1155 2933 1198 2996 de
1214 2935 1327 3016 pater

202 3017 304 3085 narn‘l
341 3021 572 3086 hereditatem
606 3021 771 3084 fraudari.
825 3019 926 3099 Quod
956 3021 985 3083 si
1014 3024 1125 3086 mater
1160 3021 1204 3085 ad
1238 3020 1327 3085 alias

202 3111 343 3194 nuptias
365 3112 457 3174 forte
472 3110 657 3186 transierit,
684 3129 725 3173 ex
748 3129 789 3173 ea
813 3109 868 3173 die
891 3109 1184 3174 usufructuariam
1200 3109 1327 3192 portio

202 3219 290 3275 nem,
321 3220 424 3282 quam
448 3200 490 3263 de
513 3199 613 3263 bonis
636 3198 754 3262 mariti
776 3198 892 3262 fuerat
916 3201 1109 3275 consecuta,
1141 3197 1205 3261 filii
1231 3197 1328 3264 inter

201 3288 351 3370 reliquas
373 3308 427 3352 res
451 3291 623 3371 paternas,
648 3287 708 3370 qui
732 3307 773 3350 ex
796 3307 836 3350 eo
859 3286 935 3349 nati
958 3289 1040 3350 sunt
1063 3287 1232 3370 coniugio,
1253 3285 1327 3351 rin·

202 3376 377 3440 dicabunt.
1267 3380 1272 3388 ’

610 3474 675 3530 xv.
706 3473 915 3544 mrrquna.

201 3587 261 3651 Ne
282 3608 386 3650 uxor
407 3587 493 3651 sibi
512 3587 711 3650 vindicet
730 3587 842 3668 quod
857 3587 1061 3649 maritum
1077 3607 1169 3650 cum
1184 3586 1324 3650 serris

416 3677 509 3738 eius
534 3674 781 3756 adquisisse
806 3668 1109 3739 constiteritl.

308 3780 476 3844 Maritus¹
505 3781 534 3843 si
564 3801 642 3844 oum
673 3781 778 3844 servis
808 3781 923 3846 uxoris
953 3802 1013 3846 sue
1044 3780 1175 3864 aliquid
1207 3781 1324 3864 adqui-

202 3869 297 3934 sierit
320 3869 376 3933 vel
399 3870 436 3932 in
452 3868 669 3953 expeditione
693 3869 826 3952 aliquid
848 3870 937 3934 luori
959 3871 1068 3934 fuerit
1083 3873 1323 3947 consecutusl,

307 4026 337 4072 m)
351 4025 408 4063 deest
422 4024 468 4065 111.
522 4026 546 4071 n)
560 4021 677 4063 reddendo
690 4024 737 4067 121.

307 4078 382 4119 XIIIL
422 4079 445 4125 ι)
459 4077 626 4117 usufructuario
641 4078 688 4120 111.
743 4079 766 4126 b)
781 4079 944 4128 presumserlnt
957 4079 1004 4122 132.
1058 4081 1079 4127 c)
1094 4077 1262 4118 usufructuario
1276 4078 1324 4121 ur.

200 4127 224 4182 d)
239 4134 334 4179 paterna
349 4128 539 4173 reremaneret.

207 4240 220 4248 ,Ι
306 4184 354 4227 XV.
395 4186 417 4232 a)
431 4185 488 4223 deest
501 4185 550 4227 122.
605 4184 627 4232 b)
642 4184 764 4234 eontigerit
777 4184 824 4228 121.
879 4186 900 4232 c)
914 4189 1053 4224 convexatus
1067 4185 1114 4228 121.

201 4308 227 4374 1)
245 4308 287 4373 Cf.
306 4309 337 4361 de
355 4309 406 4360 hoo
425 4309 477 4374 lepe
495 4307 648 4375 Sohroeder,
670 4307 773 4364 ‘Gouola
792 4309 837 4361 deo
854 4308 918 4364 chel.
933 4308 1052 4363 Gdterr!
1070 4308 1094 4374 I,
1111 4324 1140 4376 p.
1155 4309 1215 4363 136.
