3000 4934
243 364 295 416 144
445 357 523 413 LEX
541 356 657 414 VISIG.
675 356 942 413 REGGESSVIND.
981 357 1017 424 V,
1035 360 1059 426 1,
1079 361 1158 414 2-4.

242 541 415 606 observari
438 541 563 604 nostris
587 540 691 604 inseri
713 539 920 623 precipimus
940 539 1086 620 legibus.
1122 538 1274 622 Ideoque
1290 561 1363 625 pre·

241 630 331 694 senti
355 629 531 692 sanctione
555 648 742 703 censemus,
766 630 817 703 ut,
841 648 920 690 mox
944 627 1122 711 episcopus
1145 628 1254 692 fuerit
1274 630 1361 692 ordi·

240 721 354 794 natus,
386 718 505 780 statim
532 737 647 781 rerum
676 716 908 780 inventarium
932 717 974 779 de
996 715 1098 779 rebus
1123 717 1265 781 ecclesie
1289 738 1362 801 pre·

241 806 396 870 sentibus
434 806 587 888 quinque
624 805 783 887 ingenuis
818 803 899 867 viris
937 805 1051 868 facere
1090 825 1160 867 non
1196 810 1360 870 moretur.

242 894 342 973 Quod
376 894 608 957 inventarium
641 893 784 976 ingenui
814 893 893 968 viri,
928 913 1042 955 coram
1072 893 1196 974 quibus
1226 895 1360 958 factum

241 983 358 1056 fuerit,
388 976 505 1045 suamb
532 981 760 1064 suscriptione
789 981 1027 1044 conroborent.
1074 981 1157 1044 Post
1184 983 1355 1066 episcopi⁰

240 1090 321 1135 vero
344 1070 451 1154 ipsius
475 1070 618 1146 obitum,
648 1063 752 1132 durn‘l
779 1069 868 1132 alter
894 1069 1002 1133 luerit
1026 1069 1205 1154 episcopus
1228 1071 1361 1134 ordina-

240 1163 307 1233 tus,
339 1159 528 1222 secundum
554 1178 669 1222 rerum
697 1157 930 1222 inventarium
952 1177 1006 1221 res
1028 1159 1183 1240 requirat
1206 1158 1359 1235 ecclesie,

241 1249 277 1311 et
300 1247 329 1309 si
351 1247 484 1329 aliquid
512 1247 749 1310 deminutum⁰
778 1247 821 1310 de
850 1245 953 1310 rebus
983 1246 1127 1310 ecclesie
1152 1248 1358 1370 pervenerit,

241 1335 369 1418 proprii
399 1335 542 1399 heredes
573 1335 733 1418 episcopi,
757 1335 813 1399 vel
841 1332 966 1416 quibus
993 1333 1143 1397 facultas
1192 1336 1265 1400 eius
1288 1355 1361 1419 per·

240 1424 352 1487 tinere
382 1422 437 1487 vel
471 1423 594 1487 relicta
628 1442 701 1486 esse
729 1416 900 1498 videturf,
937 1423 980 1486 de
1015 1423 1231 1506 precedentis
1265 1424 1360 1487 satis·

240 1512 373 1575 faciant
400 1511 580 1575 facultate.
627 1510 728 1589 Quod
751 1511 780 1576 si
804 1514 840 1575 et
863 1511 995 1593 aliquid
1026 1512 1068 1574 de
1090 1511 1194 1576 rebus
1218 1511 1361 1576 ecclesie

240 1601 387 1664 vendere
411 1599 642 1682 presumserit,
668 1600 853 1664 succedens
877 1601 1055 1684 episcopus
1077 1600 1214 1664 reddito
1237 1601 1358 1684 pretio,

241 1689 332 1770 quod
362 1688 584 1752 avenditore
615 1692 795 1771 acceptum
824 1691 889 1763 est,
922 1709 1001 1751 cum
1028 1689 1122 1752 omni
1149 1692 1359 1772 augmentol

240 1781 321 1840 resg
347 1775 467 1839 adius
491 1777 635 1839 reducat
656 1776 798 1840 ecclesie
823 1780 858 1840 εὴ
880 1775 1014 1839 nullam
1036 1770 1265 1841 calumniamll
1289 1797 1361 1860 per·

240 1865 410 1928 timescat.
458 1863 569 1942 Quam
599 1864 712 1947 legem
742 1859 802 1928 etd
835 1865 877 1928 de
904 1865 1112 1948 presbyteris
1135 1864 1191 1929 vel
1215 1866 1362 1929 diaconi-

241 1953 314 2029 bus,
340 1945 446 2017 sicuti
471 1952 626 2035 superius
650 1953 817 2037 scriptum
841 1956 903 2029 est,
930 1953 966 2014 in
989 1946 1166 2017 omnibusi
1189 1954 1362 2018 observari

241 2045 276 2106 et
298 2041 413 2106 velere
436 2041 653 2124 precipimus.

648 2193 703 2250 nr.
732 2192 944 2263 nurrquna.

241 2307 301 2372 De
331 2306 665 2371 vindicionibus
696 2311 738 2371 εὴ
768 2306 1085 2371 donationibus
1116 2305 1362 2371 eclesiasti-

637 2415 782 2458 carum
810 2416 962 2459 rerum.

85 2494 231 2542 ct.Cod.Eur.

138 2548 184 2589 ,06¹
349 2501 385 2564 Si
413 2501 489 2584 quis
518 2501 697 2585 episcopus
726 2505 787 2565 aut
811 2501 990 2585 presbyter
1012 2501 1068 2566 vel
1091 2501 1297 2584 quicumque
1321 2522 1363 2566 ex

242 2588 374 2653 clericis
402 2592 517 2672 preter
545 2608 749 2653 consensum
776 2594 969 2654 ceterorum
998 2589 1199 2654 clericorum
1230 2590 1363 2672 aliquid

242 2679 284 2742 de
314 2677 418 2742 rebus
448 2677 571 2742 eclesie
598 2678 793 2743 vendiderit
822 2678 878 2743 vel
909 2679 1098 2755 donaverit,
1130 2680 1196 2742 hoc
1225 2680 1364 2742 firmum

241 2786 311 2829 non
342 2784 415 2830 esse
445 2766 663 2850 precipimus,
694 2767 761 2830 nisi
790 2768 842 2831 ita
868 2767 977 2831 fuerit
1003 2768 1099 2831 facta
1121 2767 1268 2830 vinditio
1291 2767 1363 2831 sive

242 2855 397 2931 donatio,
437 2855 727 2937 quemadmodum
763 2859 962 2920 sanctorum
996 2876 1167 2920 canonum
1200 2855 1365 2920 instituta

243 2943 461 3007 constituunt
484 2943 595 3025 adque
619 2944 819 3008 decernunt.

646 3115 715 3170 ΗΠ.
746 3114 959 3184 nurrquna.

264 3226 325 3289 De
354 3227 482 3291 rebus
513 3226 676 3291 eclesie
705 3227 755 3290 ab
784 3227 851 3291 his
879 3229 1106 3310 possessis,
1139 3227 1211 3310 qui
1239 3230 1341 3289 sunt

456 3316 618 3380 eclesie
645 3316 869 3398 obsequiis
897 3317 1148 3400 mancipati.

180 3499 186 3510 q
349 3421 504 3486 Heredes
528 3422 679 3505 episcopi
702 3443 763 3486 seu
786 3422 933 3486 aliorum
956 3422 1167 3500 clericorum,
1192 3423 1251 3505 qui
1274 3421 1364 3485 filios

242 3529 321 3572 suos
349 3510 386 3573 in
413 3510 614 3592 obsequium
642 3509 765 3575 eclesie
790 3512 1095 3575 conmendaverint
1118 3514 1153 3575 et
1176 3514 1285 3575 terras
1307 3509 1363 3574 vel

243 3598 375 3680 aliquid
405 3616 446 3661 ex
476 3599 714 3662 munificentia
746 3599 869 3663 eclesie
899 3600 1126 3683 possederint,
1162 3600 1192 3662 si
1225 3599 1291 3682 ipsi
1325 3599 1362 3661 in

243 3685 340 3749 laicis
363 3687 490 3750 reversi
512 3685 645 3750 inerint
669 3691 729 3749 aut
753 3687 951 3752 deservitio
968 3687 1101 3765 eclesie,
1123 3688 1220 3752 cuius
1235 3691 1364 3752 terram

242 3772 299 3838 vel
322 3773 474 3856 aliquam
490 3773 720 3839 substantiam
735 3775 967 3858 possidebant,
993 3776 1220 3853 discesserint,
1245 3775 1365 3840 statim

243 3862 335 3944 quod
359 3862 580 3945 possidebant
603 3863 776 3927 amittant.
824 3863 892 3928 Sed
916 3866 1017 3929 etde
1040 3865 1200 3930 omnibus
1219 3863 1362 3939 clericis,

243 3951 302 4032 qui
333 3952 375 4015 de
405 3951 508 4014 rebus
539 3951 661 4016 eclesie
697 3971 910 4035 quecumque
945 3954 1173 4037 possederint,
1208 3955 1364 4018 servetur

350 4122 374 4170 b)
387 4134 428 4162 sua
442 4124 490 4165 122.
554 4126 575 4171 c)
589 4124 628 4174 eps
642 4125 689 4167 121.
751 4122 906 4173 d)dccst121.
969 4127 991 4173 e)
1005 4123 1140 4166 diminutum
1154 4126 1203 4169 122.
1264 4123 1365 4176 ofecol-

244 4180 302 4215 tates
316 4174 462 4216 -videntur
475 4177 522 4223 121,
576 4180 598 4227 g)
612 4182 718 4217 numento
732 4188 779 4217 rem
794 4179 840 4220 121.
894 4178 918 4227 h)
933 4179 1045 4218 calumnia
1059 4179 1104 4222 121.
1159 4179 1176 4228 l)
1189 4170 1366 4218 ‘sicut-omnl-

244 4229 284 4268 Μ
299 4229 404 4324 supp
434 4284 456 4330 a)
469 4283 526 4321 aare
539 4284 589 4326 aa

351 4336 405 4378 1111.
445 4337 537 4384 12)ch
551 4337 600 4379 122.
