3000 4934
232 359 287 412 254
392 354 471 409 Lxx
490 352 604 407 VISIG.
624 353 892 410 REOOESSVIND.
930 354 1012 422 VIII,
1034 358 1059 423 4,
1080 359 1193 413 29-31.

233 550 261 603 X
285 538 411 602 solidos
436 538 495 601 det
518 537 597 612 illis,
627 537 751 619 quibus
774 537 930 621 inpedire
954 542 1098 602 conatus
1122 544 1190 615 est;
1223 540 1252 603 si
1275 561 1366 604 vero

232 627 404 691 inferiorg
441 647 587 710 persona
620 626 741 699 fuerit,
778 638 806 691 V
836 626 963 690 solidos
999 627 1058 690 det
1093 632 1129 692 et
1162 639 1187 693 L
1217 628 1365 712 flagella

234 716 409 800 suscipiat.
448 715 549 794 Quod
573 715 601 777 si
625 714 667 777 ab
691 717 838 797 utraque
862 718 960 799 parte
984 716 1088 778 huius
1111 717 1263 780 fluminis
1289 718 1363 781 duo

233 805 432 877 manserint,
461 824 531 867 non
555 803 658 867 liceat
682 804 726 866 ad
749 804 923 886 integrum
946 804 1074 868 fiumen
1098 805 1292 883 excludere,
1320 810 1363 869 ut

234 894 328 957 dicat
351 893 585 974 unusquisque
609 885 765 967 eoruml,
790 892 882 975 quod
903 893 1124 957 medietatem
1142 887 1227 958 sue¹¹
1247 896 1362 978 partis

234 982 432 1056 excluserit3
465 981 525 1044 sed
555 981 644 1044 alter
675 981 840 1064 superius,
872 981 961 1045 alter
987 982 1134 1045 inferius
1158 977 1353 1046 clusurami

233 1071 348 1134 facere
372 1090 414 1133 ex
437 1069 658 1134 medietatem
686 1069 837 1132 fluminis
864 1091 935 1133 non
958 1070 1167 1153 proibeatur.
1215 1070 1251 1134 Si
1275 1092 1361 1137 vero

233 1153 355 1223 locusk
388 1180 458 1222 non
487 1159 596 1222 fuerit
627 1159 693 1221 nisi
719 1159 925 1222 tantumodo
953 1159 990 1220 in
1017 1180 1087 1222 uno
1114 1160 1274 1237 transitu,
1308 1161 1360 1224 sic

234 1248 447 1321 excludatur,
472 1250 512 1309 ut
536 1241 588 1311 etl
611 1267 715 1311 naves
739 1250 774 1311 et
796 1247 889 1311 recia
912 1267 973 1331 per
996 1248 1148 1312 medium
1164 1248 1361 1314 discurrere

234 1337 376 1420 possint.
424 1335 525 1414 Quod
555 1337 584 1398 si
614 1356 727 1399 comes
755 1335 905 1398 civitatis
934 1339 996 1399 aut
1019 1336 1143 1419 aliquis
1167 1337 1361 1401 cuiuscum-

233 1431 331 1507 que¹¹¹
356 1425 518 1488 clusuran
546 1427 666 1488 contra
696 1424 785 1487 hanc
813 1425 1065 1488 ordinationem
1089 1428 1242 1489 nostram
1266 1446 1361 1490 ever-

233 1517 307 1578 tere
331 1516 515 1597 presumat,
540 1524 568 1578 x
591 1513 718 1576 solidos
742 1513 880 1576 domino
904 1513 1040 1578 clusure
1065 1515 1166 1577 dare⁰
1195 1514 1359 1578 debeat0.

235 1601 336 1666 Certe
367 1602 395 1664 si
425 1603 537 1664 minor
567 1622 712 1684 persona
742 1602 807 1665 hoc
837 1602 975 1678 fecerit,
1007 1613 1034 1668 V
1062 1601 1188 1665 solidos
1219 1603 1360 1667 clusure

235 1691 373 1754 domino
398 1693 541 1773 cogatur
565 1690 721 1754 exolvere
745 1693 780 1754 et
803 1702 827 1755 L
848 1690 987 1774 flagella
1010 1712 1031 1753 a
1053 1691 1167 1755 iudice
1191 1691 1263 1754 eius
1289 1691 1361 1756 loci

233 1779 391 1863 accipiat.
440 1778 477 1842 si
500 1799 617 1843 servus
641 1779 706 1842 hoc
730 1779 862 1855 fecerit,
887 1790 908 1844 c
928 1779 1128 1844 verberibus
1152 1780 1359 1844 subiacebit.

625 1949 717 2006 xxx.
748 1948 963 2020 Animula.

233 2062 293 2127 De
324 2063 716 2146 confringentibus
746 2057 936 2127 mulinab
972 2069 1014 2128 et
1044 2063 1358 2129 conclusiones

683 2173 899 2235 aquarum.

341 2258 378 2322 si
407 2259 483 2383 guis
513 2260 662 2323 molina⁰
696 2259 866 2323 violenter
896 2259 1085 2343 effregerit,
1122 2260 1213 2343 quod
1247 2260 1360 2343 fregit

232 2347 326 2410 infra
348 2358 404 2411 XX
450 2348 522 2411 dies
545 2369 705 2432 reparare
736 2350 880 2431 cogatur
904 2351 939 2411 et
961 2349 1103 2432 insuper
1125 2343 1206 2414 XX‘1
1226 2348 1359 2413 solidos

233 2435 451 2518 conpellatur
474 2436 639 2501 exolvere.
687 2435 788 2515 Quod
812 2437 841 2499 si
863 2437 956 2500 intra
983 2437 1188 2500 istatutum⁰
1215 2441 1359 2521 tempus

232 2544 303 2587 non
337 2525 561 2607 reparaverit,
605 2525 690 2588 alios
724 2537 781 2590 XX
810 2525 937 2590 solidos
972 2525 1104 2610 inplere
1139 2529 1284 2609 cogatur
1320 2530 1359 2590 et

232 2606 437 2695 Oilagellaf
464 2607 625 2697 insuperf
652 2614 827 2698 suscipiat.
874 2614 1003 2679 Eadem
1035 2618 1071 2679 et
1099 2616 1141 2679 de
1169 2615 1356 2698 istagnisss,

233 2722 299 2785 que
323 2705 405 2764 sunt
428 2702 518 2765 circa
542 2703 682 2779 mulina,
708 2706 743 2767 et
767 2703 1002 2767 conclusiones
1027 2724 1193 2786 aquarum
1211 2704 1358 2787 precipi-

232 2811 308 2853 mus
333 2791 508 2854 custodiri.
557 2791 657 2869 Quod
681 2792 709 2855 si
733 2811 850 2855 servus
872 2792 959 2855 talia
981 2793 1213 2876 presumserit,
1243 2795 1278 2856 et
1308 2793 1358 2856 di·

232 2883 337 2962 rupta
359 2882 496 2963 reparet
520 2883 555 2944 et
579 2892 600 2946 0
622 2881 766 2945 verbera
789 2882 913 2964 portet.

291 3068 398 3127 XXXI.
429 3069 598 3125 FLAVIUS
617 3068 856 3124 cnomosusa
878 3068 1187 3125 RECOESSVINDUS
1206 3069 1295 3126 REX.

232 3181 293 3246 De
327 3181 586 3246 furantibus
626 3202 757 3264 aquas
797 3202 845 3245 ex
880 3182 1141 3246 decursibus
1180 3182 1356 3247 alienis.

339 3289 531 3353 Multarum
568 3292 739 3353 terrarum
778 3289 878 3365 situs,
918 3282 1008 3371 queb
1047 3289 1182 3373 indiget
1216 3289 1355 3372 pluviis,

230 3377 343 3440 foveri
373 3379 470 3460 aquis
500 3380 661 3443 studetur
690 3378 849 3461 inriguis,
879 3377 977 3441 cuius
1006 3382 1119 3442 terra⁰
1148 3379 1199 3441 ita
1226 3379 1357 3461 experi-

232 3470 385 3529 mentum
410 3470 559 3544 tenetur,
582 3469 631 3545 ut,
657 3467 686 3530 si
710 3467 877 3531 defecerit
901 3488 1066 3550 aquarum
1090 3466 1212 3530 solitus
1235 3462 1354 3545 ususd,

232 3555 426 3638 disperetur
461 3556 608 3619 confisus
643 3577 683 3620 ex
718 3556 818 3639 fruge
854 3558 1050 3639 proventus.
1102 3555 1260 3632 Proinde,
1292 3555 1357 3619 ubi

232 3644 378 3708 maiores
408 3665 495 3727 aque
523 3648 613 3719 sunt,
646 3645 674 3708 si
698 3646 773 3728 quis
796 3645 926 3709 furtive
950 3647 1011 3708 aut
1034 3644 1205 3708 malitiose
1229 3665 1356 3726 aquam

232 3732 432 3795 decursibus
455 3733 666 3797 subtraxerit
689 3734 819 3807 alienis,
848 3755 910 3818 per
933 3737 1098 3816 quattuor
1121 3754 1257 3796 orarum
1281 3753 1355 3817 spa-

230 3820 318 3882 tium
351 3821 411 3884 det
441 3821 589 3885 solidum
619 3844 736 3884 unum.
789 3822 859 3886 Ubi
894 3825 1011 3887 autem
1045 3822 1236 3885 minorum⁰
1271 3825 1356 3885 sunt

338 4032 360 4078 g)
374 4029 488 4069 inferioris
502 4030 546 4068 loci
560 4031 607 4073 lta.
649 4031 673 4079 h)
687 4041 764 4070 eorum
775 4028 834 4078 quod
845 4029 973 4070 medietatis
987 4041 1027 4070 sue
1042 4041 1119 4069 eorum
1133 4027 1194 4078 quod
1208 4027 1355 4069 medietatem

229 4093 271 4122 sue
285 4082 332 4124 Bi.
413 4083 429 4131 i)
447 4084 480 4121 ita
494 4084 540 4126 ΕΙ,
555 4084 607 4133 ΕΙς
629 4085 755 4124 clausuram
769 4085 818 4125 ΒΞ.
832 4085 879 4125 ΕΞ.
961 4084 984 4133 k)
1003 4084 1058 4123 locis
1073 4084 1120 4126 Rl.
1201 4084 1217 4131 i)
1234 4084 1291 4122 deest
1304 4083 1355 4125 122.

231 4139 261 4185 m)
275 4137 331 4175 deest
345 4137 391 4178 ΕΙ.
447 4139 470 4184 n)
484 4137 609 4177 clausuram
624 4139 672 4179 112.
727 4141 748 4185 o)
763 4135 845 4176 reddat
858 4138 907 4179 122.

338 4191 404 4232 XXX.
452 4193 474 4239 a)
488 4193 545 4229 deest
559 4192 607 4232 Rs.
682 4192 704 4238 b)
718 4191 801 4230 molina
815 4191 864 4232 122.
933 4192 953 4238 c)
968 4191 1053 4230 mulina
1068 4191 1117 4233 lta.
1192 4187 1215 4237 d)
1230 4190 1290 4228 XXX
1304 4190 1354 4232 122.

231 4246 252 4292 e)
266 4248 375 4283 statutum
390 4245 438 4285 122.
492 4245 539 4293 0¹·
553 4245 575 4287 fl.
590 4246 638 4286 Rs.
654 4245 677 4285 Ε.
731 4247 753 4293 g)
767 4245 852 4293 stagnis
866 4245 916 4286 ΒΞ.

339 4298 417 4339 xxxi.
458 4300 481 4345 a)
495 4299 551 4337 amr
565 4299 614 4340 ns,
675 4299 697 4346 n)
712 4299 744 4336 sa
758 4298 810 4348 1²23
834 4309 879 4347 qus
893 4299 940 4340 ιιι,
998 4300 1019 4348 e>
1032 4299 1065 4336 ua
1079 4297 1126 4340 rr.
1140 4297 1192 4348 n13
1215 4300 1290 4335 teme
1304 4296 1355 4340 as.

229 4349 254 4398 d)
268 4351 334 4390 huius
349 4352 396 4394 111.
451 4351 472 4402 e)
486 4353 595 4391 maiorum
610 4352 630 4390 R
639 4352 658 4393 2.
