3000 4934
430 364 509 422 LEX
526 364 643 422 VISIG.
661 361 930 420 REOOESSVIND.
967 362 1089 432 11‚1,c.
1286 368 1319 420 41

411 543 463 601 VI.
491 541 660 599 FLAVIUS
679 539 993 597 clemASVINDUs
1012 539 1100 596 REX.

198 673 258 738 De
281 675 365 754 his,
392 676 465 759 qui
489 676 643 739 contra
666 673 910 757 principem
932 670 1001 736 vel
1024 673 1217 755 gentema
1246 674 1319 734 aut
1388 664 1390 668 ’

230 763 418 848 patriam
440 762 588 847 refugi
611 755 724 827 siveb
752 760 1021 826 insulentes⁰
1051 753 1285 824 existuntd.

304 886 472 966 Quantis1
495 891 638 953 actenus
656 886 825 953 Gotorum
845 885 958 970 patria
975 903 1141 948 concussa
1156 884 1202 949 sit
1218 883 1319 948 cladi·

196 977 269 1053 bus,
301 978 508 1060 quantisque
531 976 660 1061 iugiter
683 976 860 1059 quatiatur
882 974 1045 1039 istimulis
1069 973 1313 1059 profugorume

196 1066 262 1130 hac
278 1066 431 1131 nefanda
454 1067 613 1152 supervia
629 1066 833 1141 deditorum,
859 1083 901 1128 ex
923 1083 963 1128 eo
987 1081 1074 1148 pene
1091 1054 1247 1126 cunctisf
1267 1067 1319 1126 est

196 1155 387 1236 cognitum,
426 1156 519 1238 qnod
553 1159 589 1219 et
619 1155 730 1238 patrie
759 1152 1052 1218 diminutionemg
1086 1144 1316 1234 agnoscunt,

196 1246 232 1308 et
255 1244 321 1308 hac
344 1244 549 1308 hoccasione
572 1244 688 1327 potius
712 1263 815 1326 quam
836 1241 1144 1326 expugnandorum
1166 1240 1319 1304 hostium

196 1335 415 1396 externorum
432 1352 527 1396 arma
550 1350 683 1396 sumere
707 1350 786 1415 sepe
811 1329 1048 1414 conpellimur.
1083 1328 1133 1392 Ut
1149 1347 1230 1410 ergo
1245 1333 1319 1393 tam

196 1420 272 1483 dira
293 1420 472 1485 temeritas
494 1421 638 1485 tandem
660 1420 753 1484 victa
776 1411 973 1504 depereat¹‚
1002 1420 1038 1482 et
1060 1417 1099 1480 in
1120 1416 1319 1483 huiusmodi

194 1509 504 1592 transgressoribus
532 1508 719 1574 manifesta
746 1507 890 1573 iscelera
912 1527 984 1571 non
1005 1506 1248 1589 relinquantur
1269 1507 1319 1570 ul·

194 1598 302 1662 terina
325 1598 495 1683 inpunita,
524 1598 591 1664 hac
614 1618 715 1663 omne
737 1617 800 1684 per
822 1616 923 1662 evum
945 1595 1097 1661 valitura
1118 1588 1219 1678 legek
1245 1616 1317 1660 san·

194 1687 315 1764 cimus,
355 1690 396 1752 ut
425 1689 633 1771 quicumque
663 1707 706 1753 ex
731 1691 887 1772 tempore
916 1676 1120 1751 reverende¹
1155 1686 1317 1750 memorie

193 1773 409 1841 Ohintilani2
435 1776 600 1862 principis
627 1796 736 1860 usque
760 1776 804 1841 ad
827 1780 996 1852 annumm,
1028 1773 1136 1838 Deom
1163 1772 1315 1852 favente,

191 1865 289 1948 regni
319 1866 430 1930 nostri
459 1867 611 1932 secundo
638 1866 695 1931 vel
724 1866 848 1930 amodo
878 1868 914 1929 et
941 1863 1036 1928 ultra
1066 1863 1111 1927 ad
1139 1863 1317 1927 adversam

191 1957 330 2036 gentem
352 1954 409 2019 vel
437 1959 637 2020 extraneam
660 1958 795 2039 partem
818 1954 993 2038 perrerritn
1021 1952 1092 2016 sive
1117 1952 1315 2035 perrexerit,

191 2046 252 2105 aut
283 2044 388 2107 etiam
416 2043 467 2108 ire
496 2043 609 2108 voluit
638 2043 694 2108 vel
724 2043 932 2126 quandoque
957 2040 1116 2118 voluerit,
1148 2043 1189 2103 ut
1215 2040 1317 2105 scele-

190 2132 362 2195 ratissimo
398 2150 485 2196 ausu
519 2135 641 2196 contra
673 2133 815 2214 gentem
848 2128 1042 2194 (ictorumn
1077 2127 1135 2193 vel
1168 2128 1316 2213 patriam

191 2222 344 2300 ageret⁰‚
368 2221 431 2283 aut
446 2219 594 2284 fortasse
611 2222 755 2284 conetur
771 2217 990 2300 aliquatenus
1007 2237 1117 2300 agere,
1142 2220 1177 2282 et
1194 2221 1315 2302 captus

192 2307 262 2370 sive
293 2307 450 2372 detectus
481 2307 597 2374 extitit
627 2307 683 2373 vel
713 2307 883 2384 extiterit,
919 2307 990 2372 sive
1020 2305 1064 2371 ab
1095 2326 1186 2370 anno
1215 2307 1314 2389 regni

191 2395 300 2459 nostri
335 2396 445 2480 primo
473 2397 528 2462 vel
559 2397 721 2482 deinceps
754 2397 924 2480 quispiam
960 2395 1053 2460 infra
1086 2396 1172 2460 fines
1201 2397 1313 2481 patrie

194 2481 363 2548 Gotorum
378 2505 628 2569 quamcumque
645 2485 945 2551 conturbationem
968 2489 1031 2550 aut
1051 2485 1253 2550 scandalum
1275 2486 1313 2549 in

192 2575 473 2640 contrarietatem
507 2576 606 2659 regni
635 2576 745 2640 nostri
773 2574 830 2640 vel
859 2575 974 2658 gentis
1007 2574 1133 2640 facere
1152 2574 1311 2651 voluerit,

191 2662 262 2726 sive
291 2682 333 2727 ex
361 2666 516 2749 tempore
551 2665 661 2730 nostri
696 2664 874 2748 regiminis
906 2663 1004 2729 calce
1043 2663 1176 2746 aliquid
1210 2683 1312 2747 agere

189 2750 246 2815 vel
260 2752 441 2836 disponere
456 2753 602 2833 videtur,
627 2755 665 2818 in
680 2773 801 2818 necem
816 2752 872 2818 vel
889 2753 1140 2818 abiectionemq
1158 2757 1313 2816 nostram

296 2925 335 2968 VI.
375 2927 397 2974 ι)
411 2937 487 2975 regem
500 2927 550 2970 121.
612 2927 636 2975 b)
649 2927 694 2967 sibi
708 2927 756 2971 121.
821 2929 842 2975 c)
855 2926 980 2966 insolenter
995 2927 1043 2969 ΒΞ,
1112 2924 1137 2977 (1)
1151 2925 1251 2966 existant
1264 2927 1312 2967 ΕΙ.

190 2978 211 3025 e)
224 2977 392 3027 prosecutorum
406 2979 455 3024 Rl.
518 2980 696 3032 occulcultus
711 2981 760 3023 121.
823 2983 845 3029 g)
860 2978 1010 3020 dlmtnutione
1024 2981 1073 3022 Rl.
1136 2980 1160 3027 h)
1174 2985 1313 3028 cognoscunt

189 3040 247 3073 corr.
261 3033 449 3081 agnoscuntlll.
489 3034 506 3082 l)
520 3035 715 3083 permtneetBl.
755 3033 779 3081 k)
793 3034 850 3073 decet
864 3034 913 3076 121.
954 3034 970 3082 1)
984 3029 1104 3074 referende
1118 3033 1167 3075 131.
1208 3035 1239 3081 m)
1252 3043 1312 3073 anno

185 3095 264 3186 Ξιιῖοᾶι1
279 3086 327 3179 quo
342 3085 624 3178 R1.B1n)pcrrcxlt-
639 3087 749 3128 Gotorum
763 3089 806 3129 dec.
820 3087 870 3130 121.
924 3089 946 3135 o)
960 3097 1028 3136 agere
1042 3088 1092 3130 131.
1143 3088 1167 3136 p)
1182 3086 1249 3126 talem
1263 3087 1312 3128 121.

225 3147 290 3178 sec
310 3148 375 3179 onem
433 3169 439 3183 .

190 3279 216 3345 1)
232 3280 305 3332 Huic
316 3281 402 3348 capili
411 3280 569 3333 simillimae
580 3287 618 3334 eei
629 3296 713 3333 canen
724 3283 748 3337 1.
762 3280 877 3333 Concilii
888 3282 1012 3334 Toletani
1024 3281 1086 3338 VII.
1098 3299 1125 3336 α.
1138 3283 1199 3337 646.
1217 3282 1311 3349 habiti,

188 3353 236 3418 qui
253 3352 290 3403 ad
308 3352 387 3404 vebo
404 3353 462 3417 sere
478 3353 618 3405 amnullic
637 3351 701 3405 locic
717 3368 777 3404 cum
795 3352 845 3404 lac
864 3353 917 3419 lece
934 3354 1059 3406 convenii.
1095 3354 1184 3420 Neque
1195 3369 1263 3419 vero,
1283 3362 1314 3406 ut

188 3424 314 3488 opinatus
337 3429 375 3476 eci
399 3424 432 3478 F.
450 3423 543 3490 Dola,
565 3424 735 3491 ‘Kiniye’lfi
759 3441 789 3493 p.
803 3424 864 3491 195,
892 3424 1110 3477 Olcincloccinolue
1133 3440 1183 3476 rec
1207 3426 1315 3477 canalii

188 3494 266 3545 illiue
283 3495 414 3547 decretum
431 3497 528 3563 recepit
545 3497 575 3547 in
594 3496 690 3562 leym,-
707 3496 753 3548 ced
771 3495 902 3548 demam
917 3497 1009 3564 petico
1027 3497 1064 3547 ad
1080 3497 1229 3564 acanplum
1248 3497 1314 3563 lepis

188 3565 336 3629 formatum
354 3582 407 3620 ecee
424 3567 537 3623 amiur.
573 3567 632 3620 Lea
649 3568 720 3620 enim
736 3569 767 3620 in
776 3568 890 3636 proloqo
900 3583 1033 3620 canonum
1044 3569 1100 3620 iam
1114 3568 1235 3620 ‘dudum’
1247 3569 1312 3621 daia

187 3643 366 3690 numeratur:
384 3637 511 3691 novimus
529 3677 536 3694 .
551 3679 578 3694 ..
596 3638 636 3692 ita
654 3636 759 3692 dudum
777 3638 803 3692 le
825 3637 884 3692 ‘bus
903 3637 1045 3693 decretum
1063 3637 1154 3707 fuisse,
1173 3642 1205 3693 ut
1222 3639 1312 3693 nullus

187 3705 284 3775 refuga
296 3707 340 3761 vel
351 3706 482 3790 perfidus,
501 3708 548 3778 qui
560 3713 657 3763 contra
668 3712 780 3780 gentem
821 3709 949 3764 ethorum
961 3710 1006 3765 vel
1017 3709 1135 3780 patriam
1153 3727 1202 3764 seu
1217 3727 1312 3781 regem

188 3792 270 3846 egere
288 3783 336 3832 aut
353 3796 383 3832 1n
401 3779 512 3834 alterius
530 3781 620 3850 gentis
634 3781 794 3835 societatem
806 3797 835 3836 se
847 3780 1025 3835 transducere
1036 3781 1181 3851 reperitur,
1200 3782 1312 3852 integri·

187 3849 343 3903 cultrorum
357 3867 468 3904 suarum
481 3852 635 3905 nullatenus
647 3851 821 3921 reformetur,
839 3852 891 3906 nisi
909 3851 1024 3906 forsitan
1041 3853 1169 3922 princeps
1187 3852 1311 3907 humani·

186 3920 250 3973 tetis
268 3920 371 3989 aliquid
388 3922 512 3991 personis
529 3923 630 3978 talibus
648 3923 783 3992 impertiri
795 3924 925 3991 voluerit3
944 3924 992 3993 qui
1009 3927 1102 3978 tamen
1121 3941 1178 3978 non
1196 3925 1312 3993 amplius

187 4008 270 4059 quam
283 3991 440 4047 vicesimam
452 3997 560 4077 partem
571 4012 665 4049 rerum
678 3995 704 4048 ei
716 3995 764 4064 qui
775 3993 897 4063 perfidus
909 3995 1014 4049 exstitit
1026 3995 1060 4050 de
1072 3996 1163 4064 rebus,
1177 3996 1251 4050 unde
1263 4013 1312 4049 rex

187 4063 310 4133 elegerit,
326 4064 466 4119 tribuendi
478 4068 644 4135 potestatem
655 4065 776 4122 habebit.
791 4097 823 4106 -
836 4068 883 4122 Ea
894 4084 968 4122 anno
979 4069 1091 4122 secundo
1102 4070 1181 4135 raoni
1193 4069 1312 4121 (lilledo¹

186 4137 277 4188 windi
294 4137 373 4201 infra
385 4145 530 4191 mmorolo
541 4140 626 4191 omiti
638 4138 705 4204 licei,
725 4138 772 4191 hoc
783 4141 842 4207 ipso
858 4155 931 4192 anno
948 4143 995 4206 (=
1008 4157 1035 4195 a.
1045 4139 1136 4210 642l3.
1152 4159 1181 4208 p.
1193 4141 1257 4195 Chr.
1270 4143 1312 4206 n.)

186 4205 268 4273 lepem
285 4208 384 4261 editam
402 4225 464 4264 eece.
491 4237 523 4250 -
549 4210 644 4262 liliam
663 4210 813 4262 Chronicon
834 4228 858 4279 q.
878 4211 904 4267 ol.
922 4211 1085 4278 Frcdcyorii
1101 4213 1186 4277 referi
1203 4213 1234 4264 de
1249 4228 1312 4280 per-

187 4279 261 4343 fecie
279 4286 303 4332 ei
318 4280 508 4334 retellonlibuo
519 4298 538 4334 a
550 4281 752 4334 Olimloevimlo
763 4283 911 4336 ornnimodo
923 4286 1083 4352 mppreecie,
1103 4284 1149 4338 lib.
1161 4283 1212 4350 IV,
1232 4300 1253 4338 c.
1266 4285 1310 4347 82,

187 4347 235 4403 SS.
253 4366 308 4405 rer.
327 4352 395 4406 Mer.
414 4352 454 4419 II,
471 4369 501 4421 p.
514 4354 574 4408 163.
646 4352 676 4419 2)
693 4352 815 4406 asiatio
832 4369 882 4406 rec
899 4356 1022 4420 raynerii
1039 4371 1066 4410 a.
1079 4356 1231 4411 cac-640.
