3000 4934
434 359 511 415 LEX
529 359 645 417 VISIG.
664 358 933 416 REOOESSVIND.
971 359 1010 428 H,
1029 363 1055 429 4,
1073 363 1152 416 5-7.
1324 363 1358 416 75

239 537 406 610 cendumf
426 544 647 620 comittunt,
671 544 708 606 in
732 563 772 608 eo
795 546 913 607 tamen
936 543 1189 620 territoriumss,
1214 543 1275 607 ubi
1297 542 1357 607 ille

239 624 460 709 conmanerh,
492 633 551 714 qui
581 632 658 717 plus
690 652 730 697 ex
761 625 832 695 his¹
863 632 1000 696 videtur
1030 632 1188 709 idoneus,
1221 652 1357 715 congre·

238 725 365 806 geritur
388 724 423 785 et
446 724 528 785 ante
552 720 704 785 eiusdem
722 720 888 785 territorii
911 720 1060 785 iudicem
1080 719 1135 785 vel
1159 741 1273 784 coram
1293 720 1356 796 his,

238 831 322 894 quos
345 810 450 874 iudex
465 803 673 892 helegeritk,
698 812 734 874 et
756 810 959 872 mandatum
982 809 1115 873 faciant
1138 802 1287 873 idoneis¹
1311 810 1358 871 in·

238 899 369 983 genuis,
401 897 524 980 quibus
547 892 753 975 voluerint¹,
786 901 821 962 et
851 898 973 979 quodln
1004 897 1073 962 illis
1104 900 1157 961 est
1181 897 1358 980 cognitum

239 1007 299 1073 per
315 987 555 1051 condicionum
571 987 693 1051 seriem
709 987 821 1050 iurare
837 990 1036 1071 procurent;
1057 986 1215 1068 qualiter,
1233 985 1358 1068 quibus

238 1075 449 1141 testificandi
471 1075 671 1139 vicissitudo
696 1076 922 1152 conmittitur,
954 1075 990 1138 id
1018 1074 1265 1151 indubitanter,
1298 1073 1359 1137 ubi

238 1183 376 1229 necesse
405 1163 521 1241 tuerit,
554 1184 615 1228 suo
639 1167 853 1228 sacramento
878 1164 1091 1237 confirment,
1123 1165 1215 1246 quod
1245 1164 1358 1227 iurare

238 1255 458 1317 mandatores
489 1273 567 1316 suos
597 1252 782 1316 iustissime
805 1255 841 1316 et
865 1252 1119 1316 evidentissime
1150 1272 1211 1335 per
1240 1254 1359 1314 semet·

239 1343 329 1426 ipsos
353 1340 537 1405 audierint.
583 1341 696 1404 Aliter
719 1344 836 1404 autem
860 1341 1063 1403 mandatum
1087 1341 1129 1404 de
1152 1339 1281 1404 talibus
1304 1344 1359 1403 ne·'

238 1431 341 1513 gotiis
359 1430 511 1495 editum¹¹
532 1433 617 1512 aput
632 1450 750 1494 omnes
766 1429 897 1492 iudices
921 1429 987 1493 erit
1010 1448 1143 1513 semper
1158 1428 1358 1492 invalidum.

452 1600 503 1658 VI.
537 1599 706 1656 FLAVIUS
725 1598 1039 1655 OHINDASVINDUS
1058 1598 1146 1655 REX.

299 1713 360 1778 De
390 1714 473 1790 his,
505 1714 578 1796 qui
607 1713 768 1778 falsum
798 1712 1102 1777 testimonium
1134 1712 1299 1776 dicunt.

346 1819 383 1884 si
413 1820 488 1902 quis
519 1824 639 1884 contra
670 1819 777 1884 alium
806 1819 936 1884 falsum
965 1819 1204 1882 testimonium
1235 1818 1360 1882 dixerit

239 1913 274 1973 et
297 1909 334 1971 in
357 1909 536 1972 mendacio
560 1909 744 1983 invenitur,
770 1912 831 1971 aut
855 1911 947 1972 certe
971 1908 1000 1970 si
1023 1907 1096 1989 ipse
1121 1907 1255 1982 dixerit,
1280 1907 1361 1988 quia

238 1997 366 2061 falsum
395 1997 633 2060 testimonium
664 1996 776 2059 dedit:
808 1997 836 2058 si
864 1995 1002 2058 maioris
1033 1995 1100 2057 loci
1129 2013 1274 2077 persona
1298 1997 1359 2071 est,

239 2086 299 2149 det
328 2084 382 2147 illi
412 2085 455 2148 de
485 2085 622 2167 propria
649 2083 820 2146 facultate
849 2103 919 2158 sua,
952 2085 1072 2145 contra
1102 2101 1204 2163 quem
1233 2080 1362 2145 falsum

238 2172 476 2236 testimonium
500 2172 643 2247 dixerat,
674 2173 824 2247 tantum,
849 2173 1018 2252 quantum
1042 2189 1102 2253 per
1125 2169 1361 2233 testimonium

242 2260 314 2324 eius
338 2260 481 2345 perdere
506 2258 635 2336 debuit,
661 2263 696 2322 et
720 2262 777 2322 se³
796 2258 982 2323 testificare
1006 2257 1100 2322 ultra
1123 2279 1193 2322 non
1216 2258 1360 2323 noverit.

243 2346 343 2425 Quod
367 2348 395 2410 si
419 2347 560 2411 minoris
590 2347 657 2411 loci
684 2367 831 2431 persona
854 2350 906 2411 est
929 2350 965 2410 et
988 2367 1057 2410 non
1081 2346 1242 2411 habuerit
1269 2349 1361 2412 unde

242 2440 424 2520 conponat,
455 2436 527 2520 ipse
552 2438 711 2500 tradatur
734 2436 771 2498 in
793 2429 986 2520 potestateb
1013 2436 1075 2513 illi,
1109 2440 1229 2500 contra
1259 2457 1361 2519 quem

207 2525 369 2591 ‚falsum
411 2525 647 2588 testimonium
691 2524 838 2600 dixerat,
885 2525 1082 2590 serviturus.
1146 2523 1360 2608 Quicumque

239 2617 356 2678 autem
386 2612 442 2677 vel
472 2612 637 2678 beneficio
668 2615 858 2698 corruperit
889 2614 1039 2696 aliquem
1068 2614 1124 2678 vel
1155 2615 1360 2678 circumven-

238 2703 334 2766 tione
368 2701 524 2785 qualibet
558 2700 685 2767 falsum
720 2703 959 2767 testimonium
994 2704 1108 2767 dicere
1142 2703 1360 2786 persuaserit,

240 2792 321 2855 dum
339 2791 477 2856 evidens
498 2791 601 2855 huius
622 2793 673 2856 rei
694 2795 936 2856 conmentum⁰
958 2792 1119 2875 patuerit,
1144 2795 1217 2854 tarn
1237 2785 1358 2855 autor(l

240 2879 386 2956 sceleris,
411 2880 469 2962 qui
493 2880 529 2942 in
550 2880 731 2944 interitum
747 2881 900 2944 intendit
916 2879 1069 2955 alterius,
1095 2901 1197 2962 quam
1214 2880 1277 2955 his,
1302 2879 1362 2962 qui

239 2988 353 3032 rerum
388 2968 556 3033 aviditate
589 2969 733 3053 cupidus
768 2969 987 3033 testificanda
1023 2968 1162 3052 prebuit
1195 2968 1361 3031 falsitatis

240 3057 432 3133 adsensum,
457 3057 531 3140 pari
555 3057 657 3120 simul
680 3057 854 3120 sententia
877 3056 1011 3120 falsarii
1033 3060 1219 3121 teneantur
1227 3055 1253 3116 t.

444 3225 511 3282 VH.
543 3223 711 3280 FLAVIUS
731 3223 1046 3282 OHINDASVINDUS
1065 3225 1152 3280 REX.

240 3339 299 3404 De
323 3340 407 3415 his,
437 3339 509 3421 qui
537 3338 588 3401 ad
615 3337 778 3401 falsum
800 3337 1106 3402 testimonium
1130 3337 1362 3401 dicendum

240 3428 351 3492 alios
385 3430 625 3512 provocant
654 3426 723 3490 vel
754 3446 902 3490 servos
938 3424 1110 3490 alienos
1146 3426 1197 3489 ad
1231 3426 1361 3490 liber-

595 3519 732 3580 tatem
762 3515 1001 3600 inpellunt.

347 3623 384 3686 si
419 3624 494 3706 quis
530 3626 650 3687 contra
688 3623 863 3687 hominem
902 3623 1092 3705 ingenuum
1128 3626 1163 3687 et
1198 3623 1360 3687 adversus

240 3710 422 3777 livertum²
449 3711 598 3794 aliquem
626 3731 825 3796 provocasse
850 3712 1065 3776 convincitur
1091 3705 1239 3775 falsumb
1267 3713 1361 3777 testi-

356 3892 381 3961 *)
398 3893 459 3947 Cod.
479 3894 534 3947 ΗΞ
552 3894 632 3947 add:
657 3895 685 3946 et
709 3892 820 3961 insuper
846 3893 881 3945 ad
907 3892 1022 3945 aliorum
1049 3897 1154 3946 terrore
1174 3892 1294 3945 centenis
1313 3891 1360 3944 fla·

399 3963 597 4090 qqqququltrlllipe
609 3963 745 4017 verberati
763 3964 881 4032 turpiter
894 3963 985 4030 etiam,
1004 3967 1035 4016 ut
1048 3963 1123 4034 digni
1136 3966 1208 4030 sunt,
1228 3980 1259 4016 ac
1272 3963 1362 4015 viliter

346 4183 614 4234 otestlrnonlodiccndo
628 4186 677 4228 Η,
717 4188 740 4235 g)
755 4186 928 4228 territorum.
969 4187 993 4234 h)
1007 4183 1176 4234 cl.c1qrrun.d.
1217 4186 1233 4233 ί)
1247 4185 1361 4226 dentur.

240 4239 263 4288 k)
278 4240 434 4290 elegorum.
480 4240 496 4287 l)
511 4238 870 4282 idoneis-voluerintdea.Rl.
916 4241 946 4287 m)
961 4237 1059 4287 dcqnod
1073 4239 1122 4280 122.
1164 4239 1187 4285 n)
1202 4236 1300 4278 edictum
1314 4238 1361 4279 ΕΙ.

347 4294 384 4335 Vl.
412 4293 618 4344 sulmonem.
660 4293 885 4342 mporeustemxa.
927 4296 947 4340 c)
957 4293 1150 4333 conventumlrr.
1191 4290 1214 4339 d)
1224 4290 1361 4332 auctorne.

347 4347 397 4389 Vll.
437 4348 460 4394 ι)
474 4347 579 4386 libertum
593 4346 642 4388 Μ.
697 4347 719 4394 b)
734 4350 759 4385 ut
773 4347 852 4386 falsum
867 4345 954 4386 diceret
969 4352 984 4388 t.
998 4346 1046 4387 122.
