3000 4934
636 362 866 419 PRAEFATIO.
1223 362 1312 417 XVII

191 571 264 615 sens
287 551 390 629 codem,
421 547 480 611 bue
503 546 603 628 lepes',
633 544 880 609 Reccessoindus
909 565 1029 626 semper
1052 546 1183 609 eundem
1210 545 1311 627 lepum

192 636 399 704 collectionem
421 633 584 717 sipm'ficot
605 640 635 698 et
656 655 726 698 eom
748 633 882 714 quidem,
914 653 993 714 quoe
1021 633 1112 698 nobis
1139 633 1261 698 trudito
1283 642 1312 699 et
1339 633 1340 637 ’

191 727 284 807 infru
307 725 392 790 editu
415 729 468 789 est.
515 724 572 787 Ad
594 743 663 786 eum
685 728 826 803 nectunt
847 722 943 786 oerbo
966 721 1019 799 H,
1040 727 1067 802 1,
1083 727 1118 786 4:
1149 724 1244 807 leges
1274 725 1311 786 in

192 819 258 880 hoo
288 815 377 879 libro
406 813 631 896 conscriptas,
664 813 708 875 ud
736 812 868 875 eundem
898 810 967 874 ulio
996 810 1053 892 II,
1079 817 1163 891 1,9:
1195 817 1312 896 precer

191 907 285 968 hunc
308 904 445 980 librum,
470 903 529 985 qui
548 921 660 984 nuper
676 904 728 964 esb
744 901 868 977 editus,
893 898 1026 980 itemque
1050 899 1102 981 II,
1124 906 1149 982 l,
1166 906 1222 964 12:
1247 904 1311 965 hes

192 993 296 1077 leges,
321 997 350 1055 et
371 992 407 1071 V,
434 996 462 1072 4,
481 995 540 1054 22:
565 1010 705 1073 presens
728 988 817 1054 liber
840 994 868 1052 et
890 990 984 1052 hunc
1009 989 1172 1054 codicem.

298 1079 458 1144 Dubitont
486 1077 550 1142 oiri
580 1077 671 1153 docti,
702 1076 781 1157 quid
808 1075 870 1140 sibi
898 1076 996 1141 uelint
1018 1077 1095 1141 boec
1116 1078 1211 1142 uerbu
1234 1077 1312 1160 lepis

193 1168 374 1250 ‘Quoniam'
400 1165 468 1248 (II,
489 1173 516 1247 l,
535 1167 570 1249 4)
580 1188 590 1230 .·
619 1167 714 1249 leges
744 1167 782 1229 in
812 1168 886 1252 hoc⁴
909 1166 997 1230 libro
1028 1168 1239 1252 conscriptas
1267 1169 1310 1233 ab

192 1279 282 1322 anno
318 1256 468 1322 seeundo
504 1256 581 1319 dive
614 1255 777 1318 memorie
809 1255 939 1317 domini
974 1258 1010 1318 eb
1044 1257 1211 1339 genitoris
1243 1259 1311 1320 mei

192 1345 443 1410 chindasvindi
465 1343 556 1427 regis
578 1343 616 1405 in
632 1342 766 1406 cunetis
782 1343 935 1425 personis
960 1363 1000 1406 ac
1016 1345 1178 1425 gentibus
1194 1349 1310 1410 nostre

192 1433 432 1519 amplitudinis
461 1431 605 1516 imperio
629 1431 822 1514 subiugatis
852 1431 946 1495 omni
973 1431 1095 1496 robore
1118 1432 1233 1498 velere
1257 1436 1310 1498 de-

192 1524 374 1587 cernimus.
421 1519 540 1584 Varius
567 1517 849 1600 interpretationes,
880 1539 961 1599 quoe
984 1520 1101 1584 ullutue
1127 1527 1209 1602 sunt,
1239 1544 1310 1587 enu-

190 1630 314 1675 merure
336 1609 525 1690 perlonpum
547 1613 601 1672 est.
647 1605 737 1671 Mibi
765 1613 869 1671 autem
891 1607 980 1672 boud
1007 1608 1099 1673 dubie
1127 1612 1223 1675 oerbu
1251 1611 1310 1674 illo

190 1699 237 1763 itu
271 1698 511 1780 interpretando
539 1695 704 1760 uidentur:
734 1696 814 1778 lepos
847 1695 884 1760 in
918 1697 975 1762 boc
1007 1696 1087 1761 libro
1118 1698 1311 1780 conscriptus

183 1787 264 1871 puri
281 1789 371 1852 modo
395 1806 509 1866 omnes,
533 1791 562 1849 et
584 1783 734 1865 antiquus
757 1790 786 1849 ct
801 1784 910 1866 putris
933 1791 962 1850 el
984 1807 1069 1868 suos,
1093 1807 1151 1851 ren
1167 1787 1311 1852 omnibns

190 1876 333 1958 pentibus
358 1882 386 1940 et
401 1873 551 1956 personis
572 1872 664 1956 repni
684 1872 736 1938 sui
757 1874 862 1938 volere
889 1873 1046 1954 decernit,·
1077 1873 1309 1957 ‘conscriptos'

191 1972 294 2030 nutem
317 1964 394 2029 dicit
416 1985 471 2028 eus
493 1984 558 2028 esse
582 1960 638 2027 ‘ub
662 1983 769 2026 onno
794 1963 982 2027 secundo'
1004 1963 1158 2045 penitoris
1180 1964 1241 2028 sui.

296 2053 395 2118 Anno
418 2072 490 2134 erpo
505 2053 640 2117 secundo
661 2049 922 2116 Obindusoindus
944 2070 1001 2115 ren
1016 2050 1203 2115 recisionem
1217 2052 1308 2134 forte,

191 2149 271 2208 certe
293 2141 418 2223 quidem
434 2139 642 2205 collectionem
661 2139 763 2220 lepum
785 2137 949 2203 instituere
973 2138 1079 2220 coepit,
1103 2159 1199 2220 quom
1221 2140 1311 2220 filius

190 2229 438 2295 Reecessoindus
455 2232 680 2309 postmortem
696 2225 805 2308 putris
826 2225 980 2308 supplerit
1002 2232 1031 2292 et
1052 2226 1169 2308 stnioit.
1224 2228 1309 2294 Veri·

190 2318 293 2383 simile
327 2323 372 2381 est
404 2315 471 2379 ium
503 2313 779 2380 Obindosoindum
813 2313 928 2380 librum
962 2316 1064 2398 lepum
1098 2315 1144 2381 ito
1179 2320 1310 2384 condere

190 2405 333 2487 uoluisse,
358 2411 393 2470 ut
416 2403 559 2469 omnibns
572 2403 716 2486 pentibus
731 2403 822 2487 repni
837 2403 897 2486 sui,
922 2411 951 2469 et
971 2404 1083 2470 Gothis
1099 2413 1127 2470 et
1142 2406 1307 2488 Romanis,

192 2497 272 2578 lepos
302 2514 479 2559 communes
500 2495 686 2576 praeberet,
718 2499 798 2559 certe
827 2492 953 2575 quidem
981 2517 1068 2559 onno
1098 2495 1189 2560 tertio
1218 2497 1309 2578 repni

190 2585 242 2650 sui
272 2582 522 2650 constitutionem
551 2584 588 2647 de
618 2582 792 2663 quontitate
823 2581 904 2648 dotis
933 2583 1045 2665 edidit,
1076 2604 1156 2665 quoe
1186 2587 1231 2649 od
1257 2585 1310 2650 ius

190 2673 372 2738 Romanum
388 2671 515 2754 puriter
537 2677 630 2752 utque
653 2674 697 2736 ud
721 2671 889 2737 Gothicum
911 2678 1055 2753 spectans
1076 2672 1201 2754 utrique
1222 2673 1310 2755 penti

191 2783 350 2828 commune
379 2761 431 2825 ius
452 2759 599 2825 statuisse
621 2759 745 2824 ridetur
755 2760 777 2823 1.
823 2760 1070 2826 Reccessuindus
1099 2768 1203 2826 nutem
1232 2783 1310 2843 opus

190 2852 234 2915 ud
260 2849 487 2933 perfectionem
521 2848 624 2930 ducit,
661 2848 777 2914 librum
810 2849 912 2931 lepum
946 2849 1090 2914 omnibns
1121 2871 1219 2933 repno
1252 2872 1309 2915 suo

190 3040 303 3090 quorum
326 3026 447 3090 primum
472 3023 538 3089 lepcs
562 3025 698 3089 antiquos,
723 3024 864 3074 seeundum
885 3025 951 3090 iopes
970 3025 1174 3090 Chindosoindi,
1201 3027 1309 3077 tertium

191 3095 257 3158 lepos
275 3094 456 3146 Reccesseindi
470 3095 649 3145 continuisset.
688 3094 801 3146 ‘Wdren
817 3094 885 3146 diese
897 3095 1113 3160 Iiecbtsmuseen',
1131 3097 1308 3161 dicitrinum,

193 3167 236 3214 ‘in
253 3165 382 3215 einander
399 3178 436 3212 zu
453 3165 537 3214 einem
555 3163 735 3215 einbeitlicbcn
755 3165 865 3214 Gauron
884 3165 1047 3231 oerordeitet‚
1069 3181 1098 3216 so
1116 3171 1189 3218 nome
1206 3167 1249 3217 die
1266 3182 1310 3232 pe·

190 3240 293 3285 trennte
304 3233 486 3298 Aufzitblnnp
504 3234 552 3284 der
564 3233 698 3284 einzelnen
717 3232 839 3298 lediplicb
857 3235 943 3285 ibrem
962 3235 1137 3287 historischen
1152 3235 1310 3303 Ursprunpe

191 3305 260 3356 nach
285 3303 482 3356 oerscbiedenen
512 3303 602 3354 Theile
629 3303 849 3369 scbleebterdinps
875 3305 1077 3359 nnerleldrlicb'.
1120 3305 1240 3358 Prorsus
1266 3309 1309 3357 in-

191 3376 356 3442 explicabilis
373 3374 445 3425 mihi
461 3374 524 3426 hoec
542 3376 633 3440 opinio
650 3374 762 3428 uidetur.
792 3374 848 3427 Cur
861 3377 930 3426 enim
948 3377 980 3428 de
997 3377 1044 3428 boo
1056 3376 1124 3427 libro
1137 3376 1222 3442 lupum
1234 3377 1310 3430 nobis

190 3448 292 3499 trudito
303 3447 506 3499 Remessoindus
523 3461 574 3497 rex
591 3447 678 3497 dicere
694 3461 749 3498 non
767 3445 904 3511 debuisset,
923 3449 952 3498 in
970 3462 998 3500 eo
1016 3448 1083 3513 lepos
1100 3453 1123 3498 et
1142 3449 1269 3514 antiquos
1286 3455 1309 3500 et

188 3521 278 3586 patris
296 3524 320 3570 et
337 3533 403 3570 snos
416 3519 566 3570 contineri?
579 3519 742 3584 praesertim
759 3533 819 3568 cum
837 3519 946 3584 sinpulo
964 3535 1080 3586 quoeqm
1098 3520 1155 3582 fere
1173 3519 1216 3572 len
1234 3522 1264 3572 in
1281 3537 1309 3574 eo

189 3592 321 3657 inscripto
333 3595 370 3642 est
388 3595 436 3639 out
448 3589 587 3656 ‘Antiqua'
606 3596 655 3641 aut
675 3589 796 3642 ‘Florius
809 3589 1028 3643 Chinduseindus
1038 3591 1099 3644 reu'
1117 3597 1166 3642 out
1186 3591 1309 3644 ‘Florius

188 3661 322 3728 ploriosus
339 3661 541 3713 Remessoindus
565 3661 632 3715 ree).
670 3661 755 3713 Immo
778 3662 960 3714 Reeceseoindi
982 3663 1078 3714 uerbo:
1103 3661 1237 3730 prolatis
1262 3664 1311 3731 (ool

188 3731 331 3800 prelatis)
356 3738 381 3784 et
407 3730 557 3784 connexis
583 3733 659 3784 nullo
682 3733 760 3785 modo
783 3734 820 3784 od
845 3734 923 3786 talem
948 3733 1070 3799 codnem,
1099 3734 1202 3800 qualem
1227 3735 1309 3786 uoluit

188 3804 222 3857 R.
242 3803 408 3868 Schmelteer‚
434 3806 464 3855 in
482 3817 534 3869 quo
552 3803 734 3856 Remessrindi
750 3804 816 3870 lepos
835 3804 1008 3856 ‘subnexos’
1027 3806 1150 3871 fuissent,
1173 3808 1309 3871 pertinere

186 3876 342 3942 potuissent.
379 3873 432 3926 Hic
455 3890 519 3939 erpo
537 3875 609 3926 locus
633 3890 801 3940 nequaquem
820 3876 994 3938 fundamento
1011 3892 1064 3927 esse
1085 3882 1170 3942 potest
1188 3877 1235 3940 iis,
1262 3879 1310 3942 qui

188 3947 346 3998 contendunt
357 3945 572 3997 Beccessoindum
584 3951 645 3997 onte
657 3947 745 4009 lcpum
757 3946 867 3998 codicem
879 3945 955 3997 nobis
967 3948 1100 3997 trudimm
1113 3949 1142 3997 in
1154 3947 1218 3998 XII
1227 3947 1309 3999 libros

188 4017 318 4082 dipestum
342 4017 399 4066 ium
424 4017 509 4067 olium
533 4016 646 4068 edidisse
670 4018 848 4083 tripartitum.
891 4016 963 4080 Quae
988 4023 1075 4069 annm
1100 4033 1134 4070 eu·
1159 4018 1222 4070 aliis
1246 4019 1309 4070 locis

188 4089 338 4140 testimonio
356 4086 441 4138 aileu
459 4092 531 4151 sunt,
549 4088 585 4150 cf.
605 4087 741 4151 Breuem,
761 4088 804 4142 (Ι).
819 4087 889 4141 Ro!
909 4088 932 4154 I,
948 4104 979 4154 p.
993 4090 1053 4154 329,
1073 4103 1101 4142 n.
1115 4091 1159 4142 37.
1171 4090 1215 4152 41,
1234 4095 1308 4140 tantu

186 4160 302 4224 pennino
320 4158 401 4223 Lepis
418 4158 668 4209 Reoceseoindiunoe
685 4159 800 4223 inspecto
817 4158 932 4210 obtineri
948 4174 1002 4211 non
1016 4164 1138 4225 possunt.
1176 4159 1247 4210 Nom
1267 4159 1309 4211 len

188 4229 312 4294 11,1,13
331 4231 378 4293 (-·
398 4228 526 4282 Remesso.
543 4228 683 4294 11,1‚12)
701 4228 780 4279 verbo
797 4229 839 4280 ibi
855 4245 888 4281 cm
905 4230 1017 4281 editione
1035 4229 1204 4282 Woltcriono
1222 4231 1307 4282 allatu

187 4314 242 4350 uon
258 4299 365 4367 praedm
370 4317 382 4364 ;
400 4299 470 4363 XII,
483 4301 537 4364 2,3
555 4304 643 4350 numm
658 4313 713 4350 non
728 4304 765 4349 est
777 4298 981 4364 Oitindusrindi,
1000 4300 1047 4352 sed
1058 4300 1240 4352 Reccessoindi
1257 4301 1306 4352 len.

189 4371 215 4436 1)
234 4371 264 4421 V.
283 4369 319 4424 H.
339 4369 477 4437 Brunner,
499 4370 542 4424 ‘D.
561 4368 632 4424 Ro!
650 4369 673 4433 Ι,
688 4385 718 4436 p.
735 4371 796 4424 328.

268 4474 312 4518 m..
322 4475 391 4524 vulg.
405 4480 452 4517 snt.
1062 4474 1095 4530 Π
