3000 4934
381 362 459 417 LEX
477 363 591 419 VISIG.
611 363 881 422 REOOESSVIND.
918 365 985 434 VII,
1004 370 1029 432 2,
1048 370 1127 423 2-5.
1264 371 1316 424 207

612 541 651 598 Π.
681 540 896 611 armonia.

195 635 238 699 si
265 655 415 699 servus
446 639 548 701 ante
576 629 745 700 dataml
778 657 852 701 seu
881 640 980 721 post
1011 638 1156 702 datam
1186 637 1316 703 liber·

496 727 633 788 tatem
662 725 804 789 iaciat
834 725 1010 789 furtum.

301 829 338 894 Si
361 832 436 913 quis
459 831 497 893 in
521 832 660 895 servitio
684 832 894 895 constitutus
917 831 1051 894 furtum
1080 832 1257 897 admiserit
1281 837 1316 897 et

192 923 314 1004 postea
337 940 357 982 a
381 920 520 983 domino
544 940 605 983 suo
628 920 737 984 fuerit
759 920 997 999 manumissus,
1026 920 1097 997 illa,
1124 941 1190 1003 que
1214 925 1317 986 antea

193 1009 408 1083 conmiserat,
434 1008 478 1071 ad
502 1008 666 1071 damnum
689 1009 821 1073 domini
840 1029 910 1071 non
926 1009 1134 1092 pertineant,
1159 1010 1220 1074 sed
1242 1009 1316 1093 ipse

192 1096 282 1160 sicut
306 1101 442 1160 servus⁰
464 1091 610 1179 penam(l
629 1097 684 1160 vel
709 1098 873 1160 damnum
895 1085 1031 1180 legibus
1055 1099 1219 1182 suscipiat
1241 1118 1316 1161 con·

193 1185 370 1260 stitutum,
408 1185 466 1266 qui
495 1183 631 1248 inlicita
660 1188 874 1268 perpetrasse
905 1185 1105 1250 dinoscitur.
1157 1185 1257 1264 Quod
1287 1188 1316 1250 si

193 1276 272 1356 post
296 1273 414 1335 datam
437 1271 635 1336 libertatem
658 1274 724 1336 hoc
747 1273 879 1349 iecerit,
903 1273 955 1336 ita
977 1276 1018 1336 ut
1040 1294 1157 1338 servus
1181 1279 1217 1338 et
1241 1295 1315 1339 con·

193 1361 401 1444 positionem
431 1363 467 1425 et
496 1359 637 1443 flagella
666 1362 847 1424 sustineat.
894 1359 995 1439 Quod
1024 1363 1054 1424 si
1082 1362 1153 1426 tale
1182 1363 1315 1426 iactum

193 1469 265 1511 non
286 1448 403 1524 fuerit,
435 1451 576 1533 propter
598 1450 691 1532 quod
714 1450 873 1514 servituti
895 1450 1065 1527 tradatur,
1093 1451 1130 1513 in
1153 1450 1315 1516 libertate

194 1540 337 1621 accepte
359 1537 609 1601 nihilhominus
633 1541 843 1621 permaneat.

600 1671 655 1729 nr.
686 1671 900 1742 aurrquna.

192 1768 235 1831 Si
262 1787 413 1831 servus
444 1768 495 1831 ad
523 1766 659 1830 alium
687 1768 906 1831 dominum
932 1769 1159 1834 transiens
1187 1771 1315 1852 quod·

395 1876 574 1938 cumque
602 1857 842 1920 conmittat
870 1856 1107 1920 inlicitum.

297 1961 334 2025 Si
357 1982 484 2038 servus,
509 1963 592 2026 dum
616 1961 792 2026 adolium
816 1963 993 2026 dominum
1016 1964 1153 2039 transit,
1182 1963 1314 2045 aliquid

190 2051 232 2114 de
261 2050 365 2114 rebus
396 2050 519 2134 prioris
550 2051 682 2114 domini
711 2050 918 2114 involaverit
948 2053 1009 2113 aut
1039 2051 1224 2115 abstulerit
1254 2071 1313 2116 seu

190 2139 429 2221 quodcumque
446 2139 650 2202 damnosum
665 2136 771 2201 alicui
793 2137 962 2215 intulerit,
987 2140 1071 2202 dum
1093 2159 1155 2223 pro
1172 2140 1313 2205 crimine

192 2227 393 2310 cupiditatis
416 2226 513 2309 eupit
536 2226 660 2302 addici,
685 2220 917 2290 discutiaturl
945 2248 966 2290 a
988 2227 1112 2292 iudice.
1156 2227 1202 2291 Et
1224 2228 1254 2292 si
1276 2229 1313 2293 id

191 2315 321 2379 crimen
352 2315 529 2379 admisisse
554 2314 777 2392 convincitur,
810 2316 978 2399 posterior
1007 2316 1175 2394 dominus,
1207 2317 1237 2381 si
1259 2338 1312 2381 vo·

191 2403 304 2478 luerit,
336 2424 398 2487 pro
421 2423 518 2468 servo
542 2404 706 2467 damnum
736 2405 982 2488 conpositionis
1006 2404 1153 2469 exolvat.
1201 2406 1311 2483 Oerte,

189 2492 218 2555 si
240 2491 401 2568 noluerit,
431 2512 548 2557 servus
576 2493 765 2557 secundum
793 2494 945 2558 criminis
973 2494 1178 2578 qualitatem
1200 2497 1312 2560 trada-

186 2584 245 2644 tur
268 2581 313 2644 ad
336 2601 471 2664 penam.

592 2663 663 2719 1111.
694 2663 907 2734 ANTIQUAa.

215 2757 258 2821 Si
282 2751 599 2822 dominus'cum
622 2779 747 2823 servo
771 2758 918 2823 alieno
940 2759 1081 2823 faciat
1104 2759 1282 2822 furtum.

295 2865 331 2928 si
360 2865 436 2946 quis
459 2866 631 2948 ingenuus
663 2885 741 2928 cum
771 2885 868 2927 servo
899 2864 1012 2928 alieno
1042 2865 1080 2926 in
1107 2864 1224 2945 aliquo
1253 2864 1312 2926 cri-

186 2953 280 3017 mine
304 2953 465 3016 inventus
488 2952 606 3027 fuerit,
630 2955 671 3013 ut
693 2950 829 3013 furtum
844 2952 1003 3014 forsitam
1018 2952 1152 3014 faciant
1174 2950 1231 3014 vel
1255 2951 1312 3014 ali-

188 3041 272 3124 quid
294 3041 433 3122 rapiant
456 3042 518 3102 aut
540 3039 676 3102 inlicita
699 3058 911 3120 quecumque
936 3040 1164 3113 committant,
1197 3058 1312 3102 secun·

189 3128 273 3191 dum
289 3128 500 3210 superiorem
515 3125 648 3209 legem¹
663 3127 886 3189 medietatem
902 3127 1055 3189 eiusdem
1068 3127 1312 3208 conpositionis

188 3215 360 3293 exolvant,
384 3215 436 3279 ita
454 3217 495 3277 ut
511 3214 612 3278 ambo
628 3213 767 3297 publice
783 3214 1006 3296 fustigentur.
1042 3213 1088 3276 Et
1111 3215 1140 3276 si
1161 3214 1313 3277 noluerit

189 3305 348 3369 dominus
378 3324 440 3386 pro
468 3323 566 3367 servo
595 3301 805 3376 satisfacere,
836 3303 949 3385 ipsum
979 3321 1115 3366 servum
1145 3321 1207 3385 pro
1238 3322 1312 3365 eon·

186 3385 379 3478 positioneb
405 3393 543 3457 madere
566 3411 637 3455 non
660 3393 823 3454 moretur.
860 3389 962 3468 Quod
984 3390 1014 3453 si
1037 3389 1200 3474 capitalia
1222 3390 1312 3454 forte

188 3481 420 3560 conmiserint,
447 3480 551 3546 simul
570 3500 686 3545 servus
705 3500 783 3543 curn
798 3479 950 3563 ingenuo
966 3481 1077 3542 morte
1094 3479 1311 3542 damnentur.

608 3617 644 3672 v.
675 3614 890 3685 auriquna.

232 3713 276 3778 si
306 3715 506 3779 dominus
537 3734 630 3777 eum
660 3732 785 3776 servo
815 3732 891 3774 suo
918 3710 1062 3774 faciet
1089 3710 1265 3774 furtum.

294 3821 353 3884 Si2
376 3821 536 3885 dominus
560 3839 640 3883 cum
662 3837 759 3881 servo
783 3838 845 3881 suo
869 3817 914 3880 ad
936 3817 1071 3901 furtum
1087 3809 1307 3880 faciendumb

294 3974 324 4015 II.
365 3973 457 4024 a)deest
472 3974 520 4015 Ra.
574 3973 598 4019 b)
612 3970 666 4010 dats
681 3972 727 4013 ΕΙ,
781 3973 920 4021 elsupcrius
935 3972 982 4013 ΕΙ,
1036 3968 1059 4018 d)
1074 3981 1132 4019 pena
1147 3972 1193 4011 Rl.

295 4027 336 4068 111.
377 4026 533 4073 arcuatae.
587 4023 830 4071 bldlscuttisturBl.

295 4079 348 4121 1111,
390 4081 412 4125 a)
425 4079 482 4116 deest
496 4079 545 4120 Ra.
599 4077 852 4125 ammonitionem.

295 4132 321 4173 V.
362 4132 517 4178 astacum.
571 4130 756 4178 blbicscr.Bl.

190 4254 216 4321 1)
232 4256 262 4309 V.
281 4271 366 4322 supra
384 4271 405 4308 c.
419 4256 444 4308 2.
499 4253 527 4320 2)
546 4253 588 4317 Cf.
606 4254 685 4317 infra
702 4253 866 4319 V111,1,1;
885 4253 916 4307 L.
935 4253 1009 4306 Fris.
1023 4255 1047 4316 1,
1064 4255 1111 4312 14,·
1130 4252 1162 4304 L.
1176 4251 1241 4302 Sca.
1261 4253 1311 4311 50,-

188 4326 240 4379 Ed.
259 4325 339 4379 Roth.
358 4327 411 4380 249
430 4327 449 4378 i.
469 4326 506 4389 f.;
524 4325 662 4387 Brunner,
684 4322 728 4376 ‘D.
748 4323 820 4376 Ro!
838 4323 878 4388 II,
895 4341 923 4390 p.
936 4324 997 4378 569.
