3000 4934
261 379 312 433 178
463 371 540 429 LEX
559 369 676 428 VISIG.
694 369 964 427 REOOESSVIND.
1000 370 1053 438 VI,
1073 376 1096 440 1,
1116 376 1142 427 3.
1161 375 1186 427 4.

262 553 456 631 9111191111,
488 558 550 619 aut
580 555 608 618 si
639 559 759 618 contra
788 573 947 636 regnum,
982 558 1122 636 gentem
1149 555 1205 618 vel
1235 557 1389 638 patriam

259 645 393 727 aliquid
416 645 549 709 dictum
570 643 627 708 vel
651 643 857 726 dispositum
883 643 1000 718 fuerit,
1029 663 1090 706 seu
1117 643 1243 707 falsam
1271 665 1387 709 mone-

260 739 333 798 tam
357 734 501 816 quisque
526 733 704 796 confixerit
714 733 734 809 2,
766 735 828 794 aut
856 732 962 795 etiam
985 731 1013 795 si
1038 751 1177 796 oausam
1204 733 1388 797 homicidii

261 823 316 887 vel
346 820 507 886 maleficii
537 820 766 904 querendam⁰
796 839 868 884 esse
900 820 1112 897 constiterit;
1144 821 1195 884 ita
1224 825 1265 885 ut
1295 824 1388 886 servi

261 911 317 976 vel
348 909 474 974 ancille
509 930 570 993 pro
600 908 730 972 talibus
766 909 966 972 criminibus
995 909 1095 985 torti,
1131 910 1160 973 si
1191 911 1319 974 conscii
1348 916 1388 976 et

262 999 491 1063 occultatores
530 998 676 1077 sceleris·
708 998 925 1061 dominorum
961 999 1214 1081 repperiuntur,
1254 1000 1388 1083 pariter

263 1109 340 1152 cum
371 1087 518 1151 dominis
548 1087 747 1170 puniantur.
795 1085 897 1150 Certe
926 1087 955 1149 si
978 1107 1040 1150 sua
1067 1081 1225 1170 isponted
1252 1088 1387 1152 indices
1438 1143 1444 1154 .

261 1177 417 1240 veritatis
447 1176 636 1251 extiterint,
669 1175 821 1238 sufficiat
852 1176 909 1252 eis,
942 1176 1033 1257 quod
1061 1197 1122 1258 pro
1150 1177 1307 1240 veritatis
1334 1177 1387 1239 in-

262 1266 388 1348 dagine
416 1264 588 1346 questioni
616 1264 747 1327 subditi
774 1267 949 1327 tormenta
971 1263 1189 1347 pertulerint,
1222 1285 1242 1328 a
1264 1266 1388 1329 mortis

261 1359 379 1418 tamen
403 1353 576 1437 periculo⁰
605 1352 799 1416 habeantur
822 1353 992 1416 inmunes.
1039 1352 1164 1417 Servus
1189 1358 1306 1417 autem
1329 1355 1388 1418 vel

263 1442 392 1507 aneilla
414 1443 449 1505 in
466 1442 649 1506 tormentis
673 1441 777 1524 positi
801 1445 836 1505 et
860 1442 903 1505 de
927 1461 963 1506 se
986 1442 1201 1524 interrogati,
1227 1443 1256 1506 si
1279 1443 1389 1506 etiam

263 1532 305 1594 de
330 1531 477 1595 dominis
501 1531 571 1593 sint
596 1530 753 1607 confessi,
785 1533 821 1594 et
848 1530 956 1594 fuerit
985 1530 1087 1613 eulpa
1110 1530 1267 1594 mortalis
1294 1525 1385 1594 haef

264 1619 447 1683 declaratis
476 1619 582 1702 signis
611 1619 764 1702 potuerit
793 1618 986 1702 adprobari,
1016 1619 1136 1683 eadem
1164 1620 1284 1683 mortis
1311 1639 1389 1684 cen-

264 1729 343 1771 sura
358 1707 560 1784 multentur,
581 1712 706 1789 quamg
725 1727 844 1770 eorum
860 1707 990 1771 domini
1005 1707 1137 1772 fuerint
1154 1708 1388 1772 condemnati.

467 1877 538 1934 ΠΙΙ.
569 1877 737 1933 FLAVIUS
757 1876 1071 1933 OHINDASVINDUS
1089 1878 1177 1934 REX.

308 1993 388 2055 Pro
419 1993 598 2075 quantis
628 1991 757 2056 rebus
788 1996 830 2055 et
861 1991 1058 2074 qualiter
1088 2011 1238 2056 servus
1266 1996 1341 2055 aut

461 2081 654 2145 libertus
683 2084 905 2145 tormenta
934 2080 1186 2164 portabunt.

372 2187 408 2251 Si
439 2208 555 2252 servus
583 2189 620 2250 in
644 2188 759 2271 aliquo
790 2187 932 2251 crimine
962 2190 1151 2264 accusetur,
1183 2191 1287 2251 antea
1316 2208 1391 2251 non

263 2280 476 2359 torqueatur,
512 2297 616 2358 quam
650 2276 724 2353 1119,
761 2277 820 2358 qui
855 2279 1009 2351 accusat,
1046 2296 1086 2340 ac
1119 2296 1154 2340 se
1185 2277 1390 2342 condicione

267 2365 496 2447 constringat,
523 2369 586 2442 ut,
622 2366 652 2428 si
685 2366 850 2429 innocens
883 2368 1058 2429 tormenta
1092 2365 1288 2448 pertulerit,
1325 2386 1390 2448 pro

266 2474 315 2530 eo,
345 2454 437 2535 quod
465 2454 687 2517 innocentem
715 2454 752 2515 in
774 2453 957 2517 tormentis
983 2453 1139 2530 tradidit,
1170 2453 1278 2517 alium
1302 2454 1389 2518 eius·

266 2542 345 2606 dem
368 2542 483 2604 meriti
506 2561 642 2606 serrum
665 2542 804 2605 domino
833 2542 1021 2607 reformare
1046 2545 1199 2625 cogatur.
1247 2541 1284 2605 Si
1306 2561 1390 2607 vero

265 2631 429 2694 innocens
464 2631 501 2693 in
534 2631 716 2694 tormentis
752 2635 908 2695 mortuus
940 2631 996 2695 vel
1031 2630 1234 2695 debilitatus
1269 2631 1388 2707 fuerit,

267 2721 352 2783 duos
381 2718 512 2801 equalis
540 2720 656 2783 meriti
683 2740 797 2784 servos
826 2741 904 2783 cum
932 2720 1054 2784 eodem
1081 2720 1220 2783 domino
1243 2721 1389 2784 reddere

266 2829 336 2872 non
366 2812 528 2885 moretur,
560 2812 595 2872 et
625 2808 695 2886 ille,
727 2808 786 2892 qui
817 2808 1020 2873 debilitatus
1051 2812 1117 2885 est,
1148 2809 1320 2891 ingenuus
1350 2810 1390 2872 in

266 2897 457 2981 patrocinio
493 2898 624 2961 domini
654 2899 707 2961 sui
736 2902 953 2983 permaneat;
989 2918 1071 2961 nam
1106 2902 1141 2962 et
1174 2898 1291 2974 iudex,
1328 2899 1389 2980 qui
1487 2906 1492 2917 '

265 2989 599 3069 temperamentum⁸
622 2988 659 3049 in
680 2990 876 3051 tormentoa
900 3007 970 3050 non
992 2987 1108 3049 tenuit
1132 2990 1167 3051 et
1189 2987 1240 3050 ita
1266 2986 1389 3050 disere·

265 3076 397 3139 tionem
420 3075 507 3158 legis
532 3077 685 3154 excessit,
714 3079 755 3140 ut
778 3077 842 3153 his,
872 3077 930 3159 qui
954 3076 1192 3158 questionatus
1217 3078 1278 3149 est,
1302 3096 1389 3138 mor-

265 3167 338 3228 tem
352 3164 543 3228 violentam
558 3165 759 3241 incurreret,
785 3165 937 3229 eiusdem
960 3165 1075 3228 meriti
1096 3185 1232 3229 servum
1248 3164 1389 3228 domino

265 3274 345 3317 mox
377 3253 553 3318 reformet.
601 3254 730 3318 Verum
759 3258 800 3316 ut
830 3254 873 3317 de
904 3273 1079 3318 servorum
1113 3254 1244 3317 meritis
1277 3253 1389 3316 omnis

267 3341 474 3426 ambiguitas
504 3347 612 3407 cesset
641 3343 883 3419 contentionis,
912 3364 983 3406 non
1010 3335 1092 3426 prob
1120 3342 1258 3406 artificii
1281 3340 1389 3423 quali-

265 3435 341 3495 tate
365 3433 559 3496 excusatio⁰
587 3432 747 3496 videatur
775 3431 906 3509 haberi,
936 3433 996 3496 sed
1024 3451 1086 3515 pro
1114 3431 1219 3495 servis
1242 3430 1388 3512 questio-

265 3520 389 3584 nandis
425 3521 642 3604 contropatio
673 3519 855 3584 adibeatur
886 3521 989 3584 etatis
1020 3524 1055 3584 et
1085 3519 1290 3595 hutilitatis;
1327 3523 1389 3582 aut

267 3609 295 3671 si
326 3608 451 3671 artifex
480 3609 597 3685 fuerit,
629 3609 689 3690 qui
720 3608 921 3672 debilitatus
953 3614 1018 3680 est,
1051 3613 1086 3673 et
1117 3609 1219 3672 huius
1250 3608 1389 3671 artificii

267 3717 402 3760 servum
424 3717 494 3759 non
518 3696 689 3773 habuerit,
719 3698 777 3780 qui
805 3698 978 3761 insontem
1006 3696 1215 3773 debilitabit,
1245 3695 1388 3760 alterius

268 3784 404 3848 artificii
428 3805 565 3849 servum
587 3787 685 3849 iuxta
700 3786 895 3869 predictum
911 3787 1066 3850 ordinem
1082 3787 1222 3850 domino
1246 3787 1389 3868 cogatur

267 3873 456 3950 exsolvere;
488 3875 539 3937 ita
561 3867 640 3952 utl,
673 3876 702 3938 si
730 3875 899 3939 artificem
922 3896 992 3938 non
1015 3875 1187 3951 habuerit,
1218 3878 1253 3939 et
1281 3873 1389 3937 alium

373 4050 394 4094 c)
408 4044 549 4095 querendum
562 4048 609 4089 Rl.
657 4045 680 4096 (1)
695 4051 775 4096 sponte
791 4048 840 4090 122.
881 4051 902 4096 e)
917 4047 1042 4098 periculum
1056 4049 1102 4090 121.
1146 4048 1193 4095 1⁴)1'.
1203 4056 1220 4090 e.
1234 4057 1272 4097 ac3
1287 4046 1389 4087 1199112.

266 4102 288 4149 ⁸)
303 4110 346 4148 que
360 4100 428 4197 111211,
475 4155 498 4202 a)
519 4157 696 4203 temperamento
712 4165 758 4204 pro
780 4159 795 4197 t.
816 4156 840 4194 in
861 4159 973 4194 tormento
994 4155 1046 4205 1213
1076 4158 1278 4203 temperamentum
1298 4153 1322 4192 ln
1344 4157 1390 4192 tor-

266 4209 343 4246 menta
356 4207 405 4250 122.
459 4207 483 4256 b>
497 4209 613 4250 dcestRl.
668 4210 688 4257 c)
703 4209 805 4248 excusati
820 4209 867 4250 121.

268 4349 294 4415 1)
315 4350 345 4407 V.
364 4365 450 4418 supra
467 4350 524 4417 ΙΙΙ,
543 4350 627 4415 4,10.
699 4351 727 4416 2)
749 4351 779 4406 V.
798 4351 876 4415 infra
894 4352 955 4416 VH,
976 4353 1042 4417 o,1.
