3000 4934
398 368 476 422 LEX
494 369 609 426 VISIG.
627 368 897 425 Raooassvmn.
932 369 1032 439 VIIII,
1046 373 1069 439 1,
1083 374 1197 427 10-13.
1305 374 1359 427 265

239 552 455 636 suscipientis
471 553 660 616 inmissum.
707 552 754 616 Et
769 553 798 616 si
813 553 864 616 ita
879 573 951 617 esse
968 554 1173 630 constiterit,
1198 553 1356 616 dominus

237 635 357 705 ranted
384 642 516 706 fraudis
540 642 701 705 inventus
728 640 791 718 illi,
822 662 924 724 quem
954 641 991 704 in
1021 642 1162 706 crimine
1191 642 1358 705 occultati

238 730 326 794 servi
344 729 512 813 inplicare
532 734 676 794 conatus
692 733 754 805 est,
779 730 953 806 damnum,
978 731 1069 813 quod
1086 730 1357 794 occultatoribus

237 818 426 901 inpositum
442 822 504 895 est,
528 819 620 902 ipse0
643 818 825 902 persolvat.
872 818 1007 901 Equum
1027 822 1080 882 est
1096 819 1197 893 enim,
1222 821 1357 882 uttam

237 908 436 971 nocentium
459 907 662 970 insidiarum
685 910 802 972 reatus
828 907 865 969 in
889 928 989 970 suum
1012 911 1167 971 recurrat
1190 911 1356 971 autorem.

645 1059 697 1116 xi.
728 1059 939 1129 ANTIQUAa.

238 1154 281 1218 Si
304 1155 540 1236 ingenuum
564 1174 605 1219 se
630 1174 722 1219 esse
745 1155 963 1219 mentiens
987 1175 1136 1219 servus
1160 1156 1236 1218 sub
1261 1175 1357 1219 mer-

294 1243 412 1307 cedis
437 1243 698 1307 condicione
723 1246 828 1327 aput
852 1243 985 1306 alium
1009 1247 1297 1308 conmoretnr.

345 1348 381 1412 Si
412 1369 528 1413 servus
558 1350 747 1432 ingenuum
778 1369 814 1414 se
843 1369 915 1414 esse
940 1350 1033 1414 dicat
1064 1352 1099 1413 et
1130 1352 1215 1433 aput
1245 1370 1357 1431 quem-

184 1472 210 1509 α,
238 1436 325 1501 libet
347 1437 455 1502 fuerit
478 1439 668 1502 inmoratus
692 1438 755 1502 sub
780 1441 875 1503 certa
898 1438 1096 1503 conditione
1121 1438 1296 1513 mercedis
1329 1438 1358 1501 si

237 1526 434 1590 inveniatur
458 1547 479 1590 a
502 1527 650 1602 domino,
682 1547 750 1591 non
781 1530 897 1611 potest
925 1530 1102 1609 tamquam
1129 1547 1208 1591 rens
1235 1526 1356 1602 teneri,

237 1615 296 1697 qui
325 1615 481 1679 nesciens
511 1615 699 1698 fugitivum
729 1616 931 1681 mercenarii
958 1608 1055 1680 locob
1083 1615 1244 1698 suscepit.
1291 1614 1357 1679 Do-

236 1703 350 1766 minus
372 1724 453 1768 vero
476 1704 618 1788 fugitivi
641 1705 843 1781 mercedem,
875 1725 941 1788 que
969 1704 1100 1788 placita
1127 1704 1252 1776 fuerat,
1282 1724 1357 1767 con·

237 1795 409 1875 sequatur.
457 1790 558 1871 Quod
588 1792 617 1855 si
647 1813 763 1858 servus
792 1815 813 1857 a
837 1794 975 1857 domino
1007 1794 1049 1857 de
1079 1793 1165 1876 fuga
1194 1792 1357 1856 reductus

236 1881 362 1944 iterum
385 1881 550 1963 fugerit⁰,
575 1884 611 1945 et
635 1902 713 1945 eum
736 1882 864 1946 iterato
879 1882 1073 1965 fugientem
1089 1881 1278 1963 susceperit
1297 1880 1358 1961 qui

235 1969 510 2033 mercennarium
534 1990 612 2034 eum
637 1973 717 2034 ante
741 1973 948 2053 susceperat,
977 1970 1142 2033 continuo
1167 1971 1228 2032 aut
1251 1968 1358 2031 iudici

235 2058 353 2120 tradat
384 2060 445 2120 ant
473 2058 612 2122 domino
639 2058 816 2122 remittere
840 2079 910 2122 non
933 2060 1095 2122 moretur.
1143 2056 1305 2120 Ceterum
1329 2057 1358 2118 si

237 2144 302 2209 hoc
326 2166 395 2208 non
418 2146 550 2223 iecerit,
577 2146 740 2209 damnum
764 2145 986 2210 occultatoris
1010 2145 1169 2228 excipiat.

640 2279 706 2336 nn.
738 2280 951 2351 rumonus.

259 2375 303 2439 Si
332 2376 553 2460 fugitivus
584 2376 627 2439 in
658 2376 825 2440 domum
856 2377 1166 2458 cuiuscumque
1194 2376 1335 2440 fuerit

687 2465 907 2529 inventus

344 2571 380 2635 Si
404 2565 593 2656 fugitivusb
617 2572 655 2635 in
679 2571 781 2635 domo
803 2572 956 2656 potentis
972 2571 1028 2637 vel
1044 2571 1230 2636 cuiuslibet
1252 2571 1359 2636 fuerit

236 2661 410 2738 inventus,
447 2661 507 2745 qui
541 2660 689 2725 liberum
719 2681 754 2725 se
785 2681 857 2725 esse
888 2660 982 2725 dicat
1017 2664 1079 2725 aut
1112 2661 1259 2724 fortasse
1290 2681 1359 2723 non

238 2749 339 2825 dicat,
371 2750 544 2834 repetenti
573 2750 647 2814 sine
672 2748 839 2813 dilatione
862 2750 1039 2814 reddatur.
1086 2748 1154 2813 Ille
1177 2769 1268 2824 vero,
1299 2744 1359 2831 qui

236 2838 376 2922 recepit,
394 2858 429 2902 se
445 2837 573 2902 iudicio
590 2837 730 2901 cabeat⁰
752 2837 965 2914 adfuturum,
986 2837 1092 2900 nullis
1109 2839 1189 2901 ante
1205 2831 1355 2900 iudiciod

236 2927 419 2990 tormentis
450 2945 528 2989 eum
558 2924 804 3002 traditurnm0,
836 2925 946 2990 donec
977 2928 1038 2988 aut
1068 2919 1142 2989 stef
1168 2945 1265 2988 suam
1289 2925 1359 2987 vin-

238 3014 331 3077 dicet
354 3013 562 3090 libertatem,
588 3014 649 3076 aut
673 3017 765 3078 certe
788 3013 849 3078 ille
873 3013 1042 3098 adprobet
1058 3033 1202 3089 servum,
1228 3013 1287 3095 qui
1310 3033 1359 3076 re·

238 3103 365 3185 petita
413 3099 514 3180 Quod
537 3102 566 3164 si
588 3101 717 3185 petitor
740 3094 819 3166 stah
847 3101 968 3166 cabere
998 3101 1159 3177 noluerit,
1190 3100 1359 3184 fugitivus

237 3189 297 3253 ille
328 3189 391 3253 sub
422 3188 531 3266 illius,
568 3192 653 3274 aput
687 3209 790 3272 quem
820 3190 981 3254 inventus
1012 3192 1078 3267 est,
1115 3182 1352 3254 fideiussione¹

237 3278 372 3341 tamdiu
388 3277 564 3355 consistat,
589 3279 755 3361 quamdiu
771 3279 911 3363 agnosci
926 3279 1043 3363 possit,
1067 3278 1152 3361 quid
1176 3279 1218 3342 de
1239 3278 1360 3343 eodem

237 3366 491 3430 rationabiliter
513 3366 616 3432 iudex
640 3366 768 3450 absque
790 3367 1025 3432 retardatione
1050 3366 1202 3432 definiat.

633 3501 715 3558 xm.
747 3501 960 3572 ANTIQUA⁸.

238 3596 297 3661 De
326 3599 522 3663 mercede
551 3598 660 3675 eins,
692 3598 765 3680 qni
796 3598 1077 3682 prendiderit
1106 3598 1358 3681 fugitivum.

345 3703 404 3768 Sil
426 3704 502 3787 quis
526 3704 714 3788 fugitivum
742 3704 1040 3789 conprehenderit,
1072 3724 1134 3788 per
1156 3715 1241 3770 XXX
1264 3703 1361 3768 milia

236 3792 292 3856 vel
321 3793 415 3856 infra
443 3793 636 3858 tremissem
671 3793 834 3878 accipiat,
870 3814 931 3878 per
961 3803 982 3859 Ο
1012 3813 1093 3858 vero
1126 3793 1222 3857 milia
1251 3814 1360 3856 unum

344 3944 368 3996 d)
383 3948 507 3989 tantossl.
560 3949 652 3996 amus!
667 3948 713 3990 121.

344 3999 383 4042 XI.
423 4003 445 4048 ι)
458 4001 516 4038 deut
529 3999 578 4042 Bt.
632 4000 656 4051 b)
669 4001 743 4040 locum
758 4002 804 4043 121.
858 4000 1046 4050 omniorum.

344 4053 394 4094 xn.
443 4055 464 4101 ι)
482 4054 539 4092 deest
557 4052 605 4095 aa.
686 4053 709 4102 b)
728 4053 834 4094 inventus
853 4055 917 4093 atam
933 4054 967 4093 hic
981 4055 1033 4098 odd.
1047 4055 1094 4098 Bl.
1175 4058 1196 4101 e)
1214 4059 1295 4095 caveat
1311 4054 1360 4094 Bt.

239 4103 439 4153 d)iudlcum132.
494 4107 516 4152 a)
530 4103 654 4146 traditurus
669 4107 715 4148 Rl.
769 4106 907 4153 obtem.
969 4108 1153 4157 mrepetetdl.
1215 4107 1238 4154 h)
1254 4108 1298 4146 tnta
1312 4107 1360 4149 132.

239 4159 255 4206 Ι)
269 4157 446 4199 fideiussore
460 4159 506 4201 121.

345 4212 406 4254 1111.
448 4214 470 4260 ι)
484 4212 540 4251 ame
555 4212 603 4254 ΒΞ.

240 4336 266 4402 1)
284 4336 325 4401 Cf.
345 4336 376 4390 L.
398 4336 483 4403 Bury.
503 4338 568 4402 e,1.
