3000 4934
250 373 302 428 ns
466 369 544 426 nnx
562 369 679 428 visio.
697 367 968 427 nnoonssvmn.
1004 369 1059 439 m,
1079 374 1103 439 c,
1122 374 1148 426 a

249 558 315 631 est,
347 557 476 638 quanto
507 555 615 637 magis
646 553 708 616 illa
738 554 991 628 contemneref,
1023 573 1125 635 quam
1157 557 1279 636 sponte
1311 575 1377 618 sua

248 644 482 726 unusquisque
505 633 767 727 possidendamb
796 641 938 703 sortitus
961 640 1038 703 est?
1084 639 1174 719 Quia
1197 662 1280 725 ergo
1304 643 1376 727 ple-

248 752 371 815 rosque
409 735 482 795 tam
522 730 706 814 precipites
745 728 852 792 habet
888 729 944 792 vel
983 749 1099 792 rerum
1138 730 1282 795 ambitio
1316 733 1375 796 vel

250 819 419 884 effrenata
448 819 570 895 libido,
602 821 643 880 ut
672 817 821 900 quadam
851 817 988 893 fraude,
1023 818 1247 901 coniugibus⁰
1277 816 1371 884 suis⁰l

249 909 407 991 spretisf,
432 908 517 971 alias
540 907 724 970 videantur
746 925 868 969 uxores
892 901 1088 989 adpeteret,
1114 908 1374 972 constitutionis

248 989 372 1058 huiusf
392 1000 444 1059 est
467 995 665 1078 perenniter
683 995 796 1057 forma
811 995 987 1071 servanda,
1012 996 1053 1056 ut
1075 995 1193 1058 nullus
1209 997 1372 1074 virorum,

249 1087 392 1167 excepta
415 1083 600 1147 manifesta
622 1082 861 1146 fornicationis
885 1103 998 1159 causa,
1027 1102 1168 1147 uxorem
1191 1103 1289 1146 suam
1313 1085 1373 1148 ali·

248 1172 386 1255 quando
409 1172 583 1254 relinquat
607 1173 642 1235 et
664 1191 776 1254 neque
799 1191 861 1254 per
882 1173 1009 1235 testem
1024 1191 1135 1253 neque
1151 1192 1213 1255 per
1228 1173 1373 1256 scriptu-

247 1281 321 1323 ram
337 1280 398 1325 seu
414 1261 476 1324 sub
493 1279 708 1343 quocumque
725 1262 928 1342 argumento
943 1259 1058 1324 facere
1075 1259 1261 1323 divortium
1280 1262 1373 1326 inter

249 1369 283 1413 se
308 1351 343 1414 et
367 1370 463 1412 suam
483 1349 664 1432 coniugem
680 1348 818 1412 audeat.
864 1347 959 1411 Sedg
986 1349 1015 1410 si
1038 1341 1253 1412 adulteramh
1273 1351 1372 1412 mari-

247 1440 305 1501 tus
333 1438 459 1502 dixerit
486 1438 633 1501 fortasse
661 1436 946 1519 redarguendam,
975 1436 1072 1499 iuxta
1100 1436 1211 1519 legem
1235 1437 1341 1500 aliam
1350 1439 1370 1514 1,

248 1527 321 1589 eius
351 1526 489 1609 publice
520 1518 678 1589 isoelerei
710 1525 930 1607 conprobato,
963 1545 984 1587 a
1006 1525 1120 1589 iudice
1148 1519 1240 1588 sibik
1267 1528 1372 1590 tradi-

247 1617 329 1690 tam,
354 1614 506 1678 faciendi
523 1613 565 1677 de
582 1633 623 1677 ea
638 1613 730 1695 quod
745 1612 895 1676 voluerit
918 1613 964 1675 sit
987 1613 1041 1675 illi
1064 1616 1226 1696 potestas.
1268 1614 1371 1680 Certe

248 1703 277 1765 si
301 1702 529 1766 conversionis
554 1702 598 1765 ad
622 1701 736 1764 Deum
758 1700 930 1764 volumtas
959 1702 1123 1778 extiterit,
1153 1722 1371 1767 communem

248 1790 430 1856 adsensum
464 1791 528 1854 viri
566 1790 699 1854 scilicet
734 1791 769 1852 et
803 1789 956 1853 mulieris
995 1790 1153 1854 sacerdos
1191 1791 1371 1856 evidenter

247 1882 421 1962 agnoscat,
453 1881 493 1941 ut
515 1879 648 1942 nullam
672 1877 891 1962 postmodum
916 1878 1059 1943 cuilibet
1082 1898 1201 1943 eorum
1225 1878 1269 1942 ad
1293 1900 1370 1944 con-

246 1969 398 2052 iugalem
429 1968 532 2031 aliam
560 1967 720 2051 copulam
747 1967 943 2030 revertendi
966 1967 1140 2031 excusatio
1163 1967 1369 2032 intercedat.

248 2057 349 2136 Quod
373 2058 401 2120 si
425 2057 527 2121 aliter
554 2057 697 2140 quisque
724 2076 866 2119 uxorem
895 2075 991 2118 suam
1019 2074 1182 2138 spernens
1210 2077 1370 2139 quacum·

248 2140 332 2230 quel
363 2146 555 2210 calliditate
586 2145 791 2229 scripturam
821 2144 864 2207 ab
896 2164 949 2220 ea,
982 2144 1048 2207 sibi
1077 2145 1213 2227 suisque
1241 2145 1371 2209 volum·

246 2235 380 2299 tatibus
396 2235 625 2318 profuturam,
646 2233 800 2316 exigerit,
825 2252 895 2296 non
911 2232 1023 2296 solum
1037 2233 1176 2297 talem¹¹¹
1191 2234 1371 2298 vinculum

248 2323 453 2406 quandoque
483 2325 682 2406 reppertum
709 2321 799 2384 nihil
829 2322 968 2384 omnino
992 2321 1187 2385 firmitatisn
1214 2322 1370 2400 habebit,

248 2412 328 2476 sed0
357 2411 477 2475 eadem
500 2411 625 2474 mulier
646 2413 720 2473 tam
742 2410 973 2474 facultateml'
1001 2430 1098 2473 suam
1125 2430 1229 2492 quam
1252 2412 1371 2476 dotem

248 2500 291 2564 ab
322 2500 396 2583 ipso
424 2500 498 2563 viro
526 2502 703 2582 acceptam
734 2499 800 2562 sibi
829 2499 866 2561 in
894 2499 1053 2562 omnibus
1075 2499 1276 2563 vindicabit.
1323 2501 1371 2564 Flt

248 2589 277 2652 si
292 2588 376 2671 quid
392 2588 481 2651 aliut
495 2588 676 2651 facultatis
693 2587 846 2652 eiusdem
861 2587 1000 2671 pessimi
1014 2587 1081 2650 viri
1095 2588 1212 2664 fuerit,
1235 2590 1370 2653 cunctis

248 2698 366 2741 eorum
396 2677 476 2740 filiis
507 2677 551 2740 ad
580 2677 756 2759 integrum
785 2676 983 2760 pertinebit.
1031 2675 1132 2755 Quod
1156 2677 1270 2740 siant
1294 2698 1370 2741 con-

247 2786 367 2829 munes
391 2766 455 2829 filii
479 2769 540 2828 aut
563 2765 716 2829 eiusdem
738 2765 804 2828 viri
827 2785 868 2828 ex
893 2765 1053 2848 coniugio
1077 2765 1277 2849 precedenti
1298 2787 1370 2830 non

247 2855 388 2932 fuerint,
420 2855 614 2918 universam
637 2854 703 2917 viri
725 2853 931 2917 facultatem
961 2853 1094 2929 mulier,
1126 2874 1192 2936 que
1223 2874 1285 2937 per
1313 2875 1370 2919 ne·

247 2943 393 3026 quitiam
422 2943 517 3006 illius
541 2964 562 3006 a
585 2943 745 3025 coniugio
772 2941 926 3006 resoluta
955 2945 1016 3019 est,
1047 2943 1290 3007 incunctanter
1313 2964 1369 3027 po·

246 3032 330 3096 terit
353 3032 518 3108 obtinere,
544 3035 580 3096 et
603 3033 693 3095 hanc
717 3031 981 3107 accusationem,
1013 3031 1042 3093 si
1065 3030 1266 3096 mulierem*1
1293 3051 1369 3096 con·

247 3121 376 3185 stiterit
409 3121 556 3184 fortasse
592 3121 806 3196 defunctam,
847 3119 920 3183 eius
955 3119 1019 3182 filii
1052 3120 1089 3182 in
1124 3119 1368 3202 cuiuscumque

246 3209 421 3274 voluerint
456 3210 672 3294 proponendi
701 3209 829 3272 iudicio
860 3208 1037 3272 licentiam
1066 3208 1222 3271 habituri
1251 3211 1367 3284 suntf,

247 3302 322 3375 ut⁸,
353 3302 514 3383 repperto
543 3299 608 3362 tali
639 3298 794 3374 crimine,
825 3298 878 3361 vir
908 3297 1028 3378 utique
1059 3297 1162 3360 huius
1191 3293 1363 3360 iscelerist

248 3387 334 3450 stius
364 3388 450 3471 legis
479 3387 647 3452 multetur
670 3387 881 3451 sententiau.
928 3385 975 3448 nt
1002 3385 1161 3448 omnibus
1188 3385 1278 3462 filiis,
1307 3405 1369 3449 seu

248 3497 289 3539 ex
313 3477 432 3540 eodem
460 3477 536 3559 pari
560 3476 729 3558 coniugio,
762 3476 831 3539 sive
863 3496 904 3538 ex
934 3474 1133 3558 precedenti
1162 3475 1270 3558 ipsius
1292 3474 1367 3550 viri,

247 3566 288 3626 ut
311 3564 468 3641 diximus,
495 3565 692 3648 procreatis,
717 3562 886 3646 equaliter
909 3563 1059 3627 facultas
1083 3563 1155 3626 eius
1179 3563 1370 3626 obtinenda

247 3656 413 3735 patescat.
461 3652 562 3716 Oerte
587 3652 616 3715 si
638 3657 728 3715 necv
755 3673 952 3716 communes
982 3651 1046 3715 filii
1073 3672 1137 3715 nec
1165 3672 1206 3715 ex
1233 3651 1369 3734 prioriw

247 3741 354 3823 ipsius
384 3741 449 3804 viri
479 3741 639 3824 coniugio
669 3740 779 3823 geniti
809 3744 1003 3824 suprestesx
1037 3740 1230 3816 extiterint,
1263 3742 1298 3803 et
1329 3759 1370 3804 ea

246 3829 405 3892 forsitam
421 3829 554 3906 mulier,
579 3850 645 3913 que
660 3829 784 3895 relicta
799 3832 860 3906 est,
886 3850 927 3893 ex
949 3830 1056 3912 priori
1080 3829 1184 3912 digno
1209 3828 1370 3912 coniugio

354 3965 589 4016 commendarem.
660 3967 684 4019 b)
697 3964 859 4017 possidendum
873 3968 919 4009 ΕΙ,
987 3969 1007 4015 c)
1021 3966 1110 4015 iugibus
1124 3966 1171 4007 121.
1245 3963 1269 4014 d)
1282 3965 1329 4005 suis
1344 3985 1371 3994 -

247 4017 356 4069 adpetere
369 4021 412 4062 des.
427 4022 473 4062 Rl.
528 4023 549 4070 e)
563 4021 641 4069 aaa·
661 4021 755 4070 precisis
769 4021 817 4062 ΒΞ.
877 4021 966 4067 fldem
980 4020 1026 4061 Rs.
1087 4021 1109 4068 g)
1125 4020 1208 4060 etsi.
1268 4019 1291 4068 h)
1306 4016 1371 4058 adul-

249 4074 329 4112 terium
344 4074 391 4116 121.
446 4075 462 4123 i)
476 4074 560 4114 scelere
575 4075 621 4117 Ra.
676 4075 699 4123 lx)
714 4075 770 4113 decet
784 4074 830 4115 ΕΙ.
884 4074 900 4121 l)
914 4074 939 4112 in
953 4085 974 4122 q.
989 4073 1035 4114 122.
1089 4072 1120 4123 m)
1135 4073 1180 4113 tale
1195 4073 1241 4115 122.
1295 4073 1318 4120 n)
1333 4071 1371 4110 flr-

248 4127 326 4166 mitate
341 4128 387 4168 lll.
455 4129 476 4175 ο)
491 4139 519 4167 ex
534 4128 584 4170 add.
599 4129 646 4167 Rl.
714 4127 738 4179 p)
751 4128 859 4166 facultate
873 4127 921 4168 121.
989 4129 1012 4174 q)
1026 4126 1167 4168 mulierBl.
1229 4127 1249 4173 r)
1263 4125 1309 4164 sint
1323 4125 1370 4167 121.

248 4180 267 4226 s)
282 4181 403 4222 uicina.
459 4183 475 4229 t)
490 4181 580 4220 sceleris
596 4182 661 4220 istius
676 4181 721 4222 Re.
776 4182 800 4228 u)
814 4180 951 4219 sententiam
965 4183 991 4219 ut
1005 4190 1050 4228 pro
1065 4191 1082 4221 s.
1096 4179 1187 4221 EtRl.
1242 4180 1265 4227 v)
1280 4179 1371 4220 nelll.

248 4235 278 4281 w)
291 4233 373 4281 prioris
387 4235 434 4276 121.
488 4237 511 4283 x)
525 4239 670 4283 supresentes
685 4235 732 4283 131,
748 4234 785 4272 uti
799 4237 862 4274 entes
878 4234 906 4275 al.
921 4244 948 4275 m.
959 4237 1011 4282 poet
1026 4233 1089 4282 add.,·
1106 4233 1237 4282 subprestes
1252 4231 1298 4274 Bt.

249 4340 334 4406 1)0f.
353 4357 438 4408 supra
456 4341 512 4406 III,
531 4343 558 4406 4,
578 4344 603 4394 3.
