3000 4934
411 360 489 415 LEX
507 360 622 417 VISIG.
641 360 910 418 REOOESSVIND.
948 363 1015 431 XII,
1035 368 1060 430 2,
1080 367 1121 420 14.
1275 370 1327 423 309

203 544 303 610 nobis
333 544 465 608 iussum
495 544 611 621 fuerit,
644 549 810 627 perpetuo
833 546 973 609 servitio
997 547 1158 611 servituri
1181 548 1325 612 subdan-

202 629 307 714 tlara
345 631 446 710 Quod
470 633 498 695 si
520 635 593 695 tam
614 632 749 696 inlicita
764 634 912 696 conubia
934 634 1066 698 fuerint
1090 639 1264 719 perventa,
1289 638 1326 701 id

202 715 381 804 elegimus]
407 721 666 797 observandum,
692 724 732 783 ut
756 722 784 784 si
807 722 979 785 volumtas
1003 720 1247 801 subiacueritl,
1276 727 1324 788 in·

201 804 338 874 tideliscl
360 811 404 873 ad
428 809 532 873 fidem
556 812 711 872 sanctam
735 812 923 893 perveniat.
959 810 996 874 Si
1021 815 1113 876 certe
1138 813 1323 889 distulerit,

200 899 338 962 noverit
361 917 397 962 se
421 918 442 960 1
465 897 640 981 coniugali
664 899 834 961 consortio
859 899 1007 962 divisum
1028 901 1139 982 adque
1156 901 1265 964 divisa
1287 903 1323 965 in

201 986 305 1051 exilio
328 987 527 1069 perenniter
551 1004 761 1069 permanere.
801 986 900 1050 inter
916 992 1032 1053 cetera
1052 989 1118 1051 hoc
1135 989 1323 1054 adicientes

200 1075 423 1159 precipimus,
452 1078 507 1150 ut,
540 1075 622 1137 dum
653 1075 823 1158 quispiam
853 1075 1070 1140 Hebreorum
1101 1082 1196 1141 certa
1226 1080 1324 1142 devo·

198 1163 296 1227 tione
320 1163 357 1225 in
379 1162 587 1226 catholicam
611 1163 812 1246 confugium
835 1163 959 1227 feeerit
982 1165 1085 1228 fidem
1109 1168 1145 1228 et
1168 1167 1323 1249 purifica·

198 1251 306 1314 tionis
329 1253 424 1314 unda
447 1251 625 1314 labacrum
649 1255 827 1314 1111111111θ
856 1253 1053 1335 susceperit,
1079 1254 1248 1336 quidquid
1272 1275 1323 1318 eo·

199 1341 280 1404 dem
317 1343 472 1423 tempore
511 1341 547 1403 in
582 1340 741 1402 omnibus
778 1340 881 1404 rebus
917 1340 1149 1424 conprobatur
1184 1343 1320 1420 habere,

197 1431 332 1492 remota
355 1432 559 1492 cunctorum
582 1427 749 1500 molestia,
773 1433 813 1491 ut
832 1448 911 1492 vere
935 1429 1047 1492 fidelis
1071 1430 1136 1492 sibi
1152 1431 1322 1513 perpetim

197 1517 363 1580 vindicet.
425 1516 502 1580 Hoc
541 1537 621 1580 vero
659 1517 811 1580 edictum
850 1517 942 1580 infra
980 1511 1057 1580 dief
1094 1517 1321 1582 kalendarum

197 1606 352 1689 proxime
396 1605 655 1668 succedentium
694 1604 864 1667 Iuliarum
906 1605 1039 1689 inplere
1078 1610 1219 1670 cunctos
1261 1628 1322 1691 per

196 1697 334 1758 nostras
367 1714 388 1756 1
418 1693 493 1756 Deo
529 1692 684 1756 conlatas
718 1694 875 1775 regiones
910 1695 1020 1757 modis
1056 1695 1213 1758 omnibus
1248 1717 1320 1779 pre·

197 1802 386 1846 monemus.
445 1780 577 1859 Quibus
617 1780 763 1866 evolutis
798 1781 969 1859 kalendis,
1010 1786 1096 1867 aput
1131 1783 1320 1866 quemlibet

196 1869 373 1934 Hebreum
400 1870 626 1933 christianum
649 1870 758 1933 fuerit
780 1874 980 1954 reppertum
1002 1873 1222 1955 mancipium,
1253 1893 1318 1935 me·

197 1959 309 2022 dietas
324 1959 505 2022 facultatis
521 1958 653 2022 Hebrei
676 1959 779 2020 huius
803 1959 884 2021 fisco
909 1959 1095 2033 subiaceat,
1122 1962 1157 2021 et
1180 1958 1316 2023 liberog

195 2048 342 2125 reddite,
368 2047 427 2129 qui
450 2068 511 2131 per
534 2067 632 2110 suam
655 2047 886 2129 proditionem
909 2047 1016 2110 fuerit
1040 2051 1124 2130 aput
1149 2068 1227 2110 eum
1245 2069 1317 2131 rep·

196 2139 325 2219 pertus,
356 2134 446 2198 nihil
476 2135 542 2198 sibi
565 2134 723 2199 Hebreus
755 2136 797 2198 de
828 2154 973 2217 persona
1003 2135 1075 2198 eius
1098 2135 1154 2198 vel
1181 2135 1317 2219 peculio

196 2223 291 2286 ultra
314 2224 490 2288 defendat.
537 2222 638 2286 Hanc
662 2243 742 2286 vero
766 2222 888 2306 legem,
920 2243 1023 2305 quam
1046 2223 1186 2305 pietatis
1210 2226 1245 2287 11
1268 2244 1316 2288 re·

195 2312 334 2395 ligionis
366 2332 479 2376 amore
511 2313 729 2395 concepimus
759 2333 820 2395 pro
851 2315 968 2374 nostro
997 2311 1183 2395 populique
1207 2312 1317 2375 nostri

193 2402 356 2478 remedie,
382 2402 418 2463 in
442 2403 648 2484 perpetuum
672 2393 907 2482 suffraganteh
934 2405 1054 2464 autore
1070 2400 1220 2464 Domino
1236 2401 1316 2464 vali·

193 2483 326 2552 turam¹
346 2509 418 2553 esse
443 2508 629 2552 censemus.
670 2488 888 2552 Successores
913 2510 1048 2571 quoque
1070 2492 1206 2553 nostros
1230 2489 1316 2573 legis

192 2577 297 2640 huius
326 2578 489 2641 instituta
519 2581 694 2642 servantes
723 2578 847 2642 victrix
876 2577 1006 2641 Ohristi
1033 2579 1180 2642 victores
1208 2579 1317 2643 faciat

194 2667 345 2743 dextera,
375 2670 411 2730 et
439 2666 512 2729 eius
536 2665 661 2729 solium
688 2667 725 2729 in
748 2668 895 2731 veritate
920 2667 1134 2741 conroboret,
1159 2668 1255 2730 cuius
1279 2668 1316 2729 in

192 2755 259 2817 hoc
283 2748 413 2819 fidemk
438 2755 627 2838 inspexerit
651 2755 768 2818 divina
792 2755 986 2819 clementia.
1034 2755 1080 2818 Et
1107 2754 1189 2819 licet
1213 2756 1315 2818 huius

192 2842 280 2925 legis
310 2836 463 2926 prolatal
494 2843 668 2907 sententia
692 2864 712 2905 a
735 2844 872 2906 nemine
895 2843 1057 2906 temerari
1080 2862 1178 2926 posse
1202 2844 1315 2905 creda-

191 2952 278 3007 mus,
308 2932 454 2994 audacia
481 2934 598 2995 tamen
625 2931 886 3013 transgressoris
915 2936 950 2994 et
977 2952 1048 2994 non
1070 2930 1315 2994 venerabiliter

192 3021 427 3084 conservantis
451 3021 497 3083 sit
520 3020 556 3083 in
581 3020 646 3083 hoc
670 3018 785 3082 seculo
816 3019 1075 3102 ignominiosior
1099 3019 1232 3080 cunctis
1257 3019 1314 3081 ho·

191 3108 352 3184 minibus,
377 3113 413 3172 et
436 3109 509 3171 vita
532 3108 626 3171 illius
650 3109 769 3171 eodem
799 3108 835 3170 in
863 3112 1017 3190 ternpore
1047 3106 1216 3181 concidat,
1246 3126 1312 3187 quo

191 3197 329 3260 sinistre
358 3198 467 3280 partis
496 3198 679 3260 adsensum
709 3197 745 3258 in
772 3200 846 3259 tam
869 3196 1004 3258 nefaria
1026 3195 1217 3258 volumtate
1241 3214 1312 3276 per·

192 3286 329 3349 duxerit
364 3286 570 3350 detestanda
604 3285 794 3360 temeritas,
833 3286 1038 3366 tantumque
1073 3282 1241 3346 obnoxius
1276 3283 1312 3344 in

191 3377 349 3437 eternum
372 3378 592 3458 peccatorum
616 3373 705 3436 mole
730 3374 936 3446 detineatur,
960 3373 997 3434 in
1014 3376 1182 3454 quantum
1204 3374 1312 3434 trans·

190 3468 355 3545 gressor¹¹¹
389 3463 498 3526 fuerit
527 3462 614 3544 legis
646 3461 748 3524 huius
779 3460 916 3524 salubre
948 3462 1134 3524 decretum.
1188 3459 1313 3522 Futuri

190 3550 295 3615 etiam
324 3552 490 3615 examinis
518 3549 672 3614 terribile
701 3570 779 3613 cum
802 3549 955 3632 patuerit
978 3552 1150 3632 temposl,
1181 3553 1216 3612 et
1246 3568 1312 3612 me·

188 3641 341 3704 tuendus
370 3641 538 3704 adventus
562 3639 703 3701 Domini
730 3639 838 3702 tuerit
865 3640 1067 3712 reservatus,
1100 3637 1267 3701 discretus
1292 3658 1312 3699 a

190 3725 320 3791 Christi
344 3748 448 3812 grege
472 3729 661 3812 prespieuO,
692 3728 736 3790 ad
759 3727 891 3789 levam⁰
920 3747 999 3789 cum
1023 3725 1171 3789 Hebreis
1196 3745 1311 3788 exura-

188 3820 248 3878 tur
263 3815 410 3880 flammis
434 3816 610 3881 atrucibus
623 3821 651 3891 ¹¹,
677 3816 865 3879 comitante
889 3815 954 3878 sibi
971 3813 1123 3889 diabulo,
1148 3817 1189 3876 ut
1204 3813 1311 3876 ultrix

188 3903 226 3966 in
249 3906 558 3987 transgressoribus
582 3908 617 3968 et
640 3908 760 3967 eterna
783 3925 873 3987 pena
896 3904 1058 3979 deseviat,
1088 3905 1124 3967 et
1152 3902 1311 3985 locuplex

188 3995 421 4058 remuneratio
457 3993 653 4057 christianis
688 3992 887 4055 faventibus
922 3992 978 4056 hic
1014 3995 1050 4056 et
1084 3992 1121 4053 in
1152 3994 1310 4054 eternum

188 4081 326 4164 copiosa
336 4088 350 4127 ‘¹
379 4082 598 4165 proveniatl.

295 4237 315 4283 c)
330 4237 390 4274 uncie
403 4237 495 4285 inclusa,
510 4247 564 4285 quac
578 4236 662 4273 abeam
671 4235 747 4273 derunt
757 4234 820 4271 etium
830 4234 878 4281 111,
892 4234 989 4281 suppleri
1002 4233 1116 4269 seeundum
1131 4232 1151 4269 Ε
1160 4234 1178 4272 1,
1219 4227 1243 4276 (1)
1256 4240 1310 4277 ιυρ-

187 4288 299 4337 placuerit
313 4288 399 4328 1111111111
413 4291 459 4331 121.
514 4288 682 4336 e)sanctlB1.
743 4284 835 4333 01111111
849 4287 898 4326 Bt.
958 4287 980 4334 g)
994 4285 1076 4323 liberto
1091 4286 1137 4325 111,
1192 4283 1215 4328 11)
1229 4281 1309 4321 11111111-

187 4348 277 4388 flantem
292 4343 339 4384 131.
387 4343 404 4391 1)
418 4342 517 4381 valitura
531 4344 577 4383 111,
625 4338 768 4387 11111111,
815 4338 1150 4387 1))1101111111111111111111112.
1192 4335 1309 4376 1111111111-

186 4405 276 4443 moerus
291 4396 340 4437 Bt.
381 4398 405 4443 11)
419 4400 506 4444 tempus
521 4396 569 4438 132.
611 4397 632 4443 o)
646 4394 712 4433 laeva
726 4394 772 4435 131.
813 4393 836 4440 p)
850 4391 965 4430 atrocibus
979 4392 1028 4433 11²,
1069 4394 1092 4438 q)
1107 4391 1191 4428 uacua
1205 4389 1248 4431 dcc.
1262 4389 1309 4431 ΕΙ.
