3000 4934
187 372 238 425 106
370 367 448 422 LEX
467 366 581 423 VISIG.
599 364 868 423 Raccassvmn.
905 365 960 434 m,
979 368 1004 434 4,
1024 369 1120 423 9-12.

588 542 687 599 vnn.
717 541 901 613 lurroua

230 656 273 719 Si
304 655 460 720 mulier
489 656 705 739 ingenua³
732 655 889 719 marito
920 655 1109 719 alterius
1140 649 1259 719 sesel‘

435 744 673 809 adulterii⁰
705 744 862 827 iungat
891 747 1055 827 stupro.

293 849 351 915 Si¹
375 871 442 934 qua
470 851 594 914 mulier
622 851 775 933 ingenua
804 850 929 913 marito
959 849 1105 913 alicuius
1136 849 1310 915 adulterio

186 960 221 1004 se
245 939 436 1016 sociaverit,
461 942 497 1004 et
513 959 554 1003 ex
570 939 636 1002 hoc
652 938 837 1002 manifesta
852 938 1056 1021 probatione
1080 939 1308 1015 convincitur,
1336 971 1358 1008 v.

186 1029 368 1092 addicatur
397 1028 506 1105 uxori,
538 1028 635 1091 cuius
665 1027 789 1090 marito
813 1046 849 1091 se
872 1027 1020 1104 miscuit,
1051 1021 1114 1090 ut‘l
1139 1028 1177 1090 in
1199 1028 1309 1111 ipsius

185 1118 358 1200 potestate
381 1116 536 1180 vindicta
559 1116 735 1179 consistat.

619 1286 655 1342 x.
686 1285 870 1356 Annuus.

185 1401 265 1465 Pro
301 1399 525 1464 adulterio
559 1399 829 1481 torquendos
865 1418 1011 1463 servos
1046 1402 1088 1464 et
1118 1398 1310 1464 ancillas

479 1488 523 1550 in
553 1488 700 1571 capite
730 1487 1011 1552 dominorum.

292 1594 382 1658 Proa
414 1599 537 1658 causa³
569 1593 733 1658 adulterii
762 1594 867 1657 etiam
901 1594 938 1655 in
969 1594 1100 1658 domini
1130 1594 1309 1678 dominere

187 1683 300 1767 capite
324 1683 412 1747 servi
433 1681 489 1746 vel
513 1681 638 1746 ancille
660 1682 845 1765 torquendi
868 1685 958 1759 sunt,
983 1685 1024 1745 ut
1039 1682 1166 1746 veritas
1182 1683 1309 1747 certius

186 1772 295 1856 possit
317 1771 464 1835 inveniri
487 1764 546 1834 etb
574 1770 814 1835 indubitanter
838 1771 988 1854 agnosci.

614 1940 666 1998 xr.
696 1940 880 2012 narrans.

188 2057 232 2121 si
259 2077 334 2141 pro
363 2055 573 2120 celand0³
601 2054 818 2118 adulterii
848 2054 1015 2119 scelere
1045 2056 1307 2140 mancipium

519 2143 729 2207 libertati
757 2144 974 2206 tradatur.

295 2251 332 2315 si
365 2251 442 2333 quis
476 2271 538 2333 pro
573 2242 840 2314 occultandaml
879 2249 1062 2314 veritatem
1100 2251 1309 2335 mancipium

187 2340 426 2413 manumittat,
465 2342 529 2402 ne⁰
564 2338 672 2421 possit
706 2359 768 2421 pro
803 2337 968 2402 adulterii
1004 2339 1208 2422 probatione
1243 2343 1309 2403 tor·

187 2429 293 2511 queri,
318 2427 461 2491 libertas
486 2427 568 2489 data
590 2446 660 2489 non
683 2425 808 2490 valeat.

394 2596 463 2653 XII.
493 2595 662 2652 FLAVIUS
681 2596 995 2654 GHINDASVINDUS
1013 2597 1101 2657 REX.

306 2710 365 2774 De
396 2709 725 2774 adulterorum³
758 2704 1014 2794 coniugumb
1049 2712 1188 2776 rebus.

293 2816 464 2881 Preterite
493 2817 633 2900 quidem
662 2816 772 2899 legis²
801 2817 977 2882 sanctione
1006 2819 1234 2882 constitutum
1261 2839 1311 2884 re·

189 2904 341 2983 colimus,
366 2905 581 2969 adulteram⁰
610 2904 789 2970 mulierem
812 2906 941 2989 pariter
964 2909 999 2970 et
1023 2906 1220 2971 adulterum
1243 2929 1310 2972 ma·

187 2995 255 3058 rito
279 2995 351 3059 eius
374 2994 467 3058 tradi
490 2994 630 3072 debere;
654 2996 782 3071 tamen,
807 2994 888 3077 quia
911 2995 954 3059 de
977 2995 1080 3060 rebus
1096 3016 1214 3060 eorum
1230 3016 1310 3080 sepe

187 3083 318 3147 iudices
342 3083 502 3147 dubitare
527 3083 708 3167 contingit,
732 3082 811 3147 ideo
834 3083 1031 3167 specialiter
1050 3084 1232 3149 decernere
1255 3105 1311 3150 ne

188 3173 373 3236 cessarium
396 3171 522 3248 extitit,
553 3174 603 3248 ut,
635 3166 685 3235 si‘1
711 3171 827 3235 uxoris
857 3170 1067 3238 adulterium
1096 3177 1311 3257 proponente

187 3261 260 3325 viro
284 3261 467 3325 manifeste
491 3261 653 3344 patuerit,
683 3264 719 3325 et
748 3263 821 3324 tam
845 3260 1023 3326 adultera⁰
1047 3283 1150 3345 quam
1173 3262 1311 3327 adulter

188 3350 231 3414 de
254 3350 360 3433 priori
384 3349 544 3433 coniugio
567 3349 741 3433 legitimos
764 3349 853 3413 filios
876 3370 946 3413 non
974 3350 1169 3427 habuerint,
1200 3351 1311 3415 omnis

188 3459 307 3504 eorum
337 3438 512 3503 hereditas
541 3439 666 3501 marito
696 3437 849 3503 mulieris
874 3438 1031 3503 adultere
1055 3461 1134 3504 cum
1157 3440 1311 3523 personis

187 3527 318 3611 pariter
352 3527 544 3590 addicatur.
597 3525 699 3590 Oerte
734 3527 763 3589 si
795 3526 884 3591 filios
919 3526 1092 3611 legitimos
1128 3528 1171 3593 de
1205 3529 1311 3612 priori

188 3615 348 3699 coniugio
378 3614 516 3679 adulter
546 3614 722 3691 habuerit,
753 3615 837 3698 ipsis
868 3616 940 3680 eius
971 3617 1144 3681 hereditas
1175 3637 1217 3681 ex
1244 3637 1311 3680 om·

187 3704 289 3768 nibus
319 3703 521 3787 pertinebit,
556 3706 591 3779 et
623 3703 727 3766 huius
758 3705 897 3767 tantum
926 3725 1072 3788 persona
1101 3705 1225 3770 marito
1256 3705 1311 3769 ad·

295 3893 371 3935 VIIII.
411 3895 434 3942 a)
448 3903 462 3932 a
476 3893 588 3936 odam.
642 3894 665 3941 b)
679 3904 704 3934 se
718 3894 765 3937 Bi.
819 3896 840 3943 c)
854 3893 966 3936 adulterio
981 3896 1027 3940 121.
1083 3893 1106 3945 d)
1121 3896 1204 3940 erm.

295 3947 321 3989 X.
362 3948 459 3995 a)retr0
474 3957 553 3986 musas
567 3948 614 3990 Bl.
668 3947 692 3999 b)
706 3948 762 3986 deest
776 3948 822 3990 ΕΙ.

295 4001 334 4042 xl.
374 4002 397 4048 a)
411 3997 499 4040 celandi
513 4000 560 4043 121.
614 4000 637 4049 b)
652 3998 809 4040 occultandum
823 4001 869 4044 131.
924 4004 944 4051 c)
959 4013 1001 4042 nec
1014 4002 1062 4046 121.

294 4054 346 4096 rm.
386 4056 409 4100 a)
422 4050 585 4093 adulteriorum
599 4054 645 4098 122.
713 4054 736 4103 b)
751 4054 879 4104 coringham
892 4056 940 4099 121.
1003 4057 1023 4106 c)
1038 4053 1142 4097 adulter·
1155 4055 1250 4097 mullera
1263 4055 1310 4098 Rl.

188 4105 212 4157 d)
225 4109 282 4147 dem
295 4109 342 4150 121.
397 4108 418 4155 c)
432 4104 558 4147 adulteram
572 4107 619 4151 121.

190 4265 216 4334 1)
235 4267 276 4332 Os.
296 4269 374 4393 inpra
393 4268 448 4335 ΙΙΙ,
469 4270 494 4336 6,
514 4270 540 4335 2,
565 4269 673 4335 p.119,·
698 4285 720 4321 c.
740 4269 869 4321 Brunner
889 4269 939 4342 Ic.
955 4286 984 4336 p.
998 4271 1059 4338 663,
1079 4287 1106 4324 n.
1121 4273 1164 4341 33.
1217 4269 1264 4337 ’6)
1280 4269 1310 4323 V.

188 4355 274 4406 supra
292 4355 313 4393 c.
346 4379 352 4393 .
