3000 4934
362 381 417 438 III.
453 380 576 436 INDEX
593 380 734 435 RERUM
751 380 800 434 ET
819 380 1045 438 VERBORUM.
1210 386 1262 438 391

180 564 238 616 190.
249 563 308 615 197.
318 563 379 614 202.
390 563 451 615 205.
462 561 521 614 265.
533 562 598 624 3043
611 558 634 610 si
643 557 684 609 in·
757 557 823 609 alias
845 559 953 625 nuptias
976 558 1048 611 forte
1066 559 1200 612 transiens
1221 563 1262 615 16.

178 648 234 684 nox
246 635 383 684 tormenta
395 630 540 698 pertulerit
551 633 609 684 176.
620 632 684 694 1793
757 631 800 683 92.
820 632 879 684 128.

179 719 271 754 servus
290 702 419 754 innocens
437 701 465 753 in
478 701 621 753 tormentis
638 700 684 752 de·
720 699 850 751 transitus
880 698 1000 751 fluminis
1030 704 1098 768 2533
1134 701 1262 753 transitus

179 773 380 841 bilitatus1783
400 773 446 840 qui
464 773 609 824 tormentis
622 771 684 823 sub·
756 787 806 837 per
823 770 932 822 vineam
951 775 998 822 aut
1016 788 1131 823 messem
1150 775 1210 827 238.

179 843 254 895 ditur
278 848 401 895 mortuus
428 847 492 910 1773
519 843 611 909 iudea,
638 842 685 909 qui
720 841 930 893 transmarinus:
950 843 1125 893 transmarini
1141 843 1263 911 negotia·

178 919 425 982 temperamentum
437 915 466 966 in
478 918 616 967 tormento
629 930 685 965 non
757 916 830 964 tores
847 914 908 967 291.
921 915 982 967 294.
995 915 1056 977 295,
1076 914 1130 965 suis
1149 916 1177 965 et
1194 914 1263 966 talo-

178 986 267 1038 tenuit
286 989 346 1041 178.
756 983 839 1035 nariis
859 987 887 1036 et
906 983 1012 1052 legibus
1032 983 1178 1036 audiantur
1201 988 1262 1040 294.

143 1060 278 1123 torquere,
305 1055 428 1122 torqueri
452 1059 512 1111 106.
533 1058 592 1110 178.
616 1058 684 1122 2033
756 1058 824 1120 2953
843 1053 1041 1107 transmarinae
1059 1059 1151 1123 partes
1172 1058 1232 1111 181.

178 1145 278 1194 servos,
304 1127 414 1179 ancillas
440 1129 568 1192 torquere
593 1126 623 1177 in
641 1143 684 1178 ca·
720 1125 864 1177 trecesima
882 1125 973 1192 portio
992 1128 1036 1180 82.

178 1198 229 1265 piti
255 1198 429 1249 dominorum
454 1200 514 1252 106.
539 1200 599 1252 155.
625 1199 684 1252 177.
720 1195 851 1248 tremissis
876 1199 970 1263 (111111
989 1214 1059 1263 pars
1082 1199 1177 1261 solidi)
1202 1201 1262 1252 217.

183 1271 245 1322 224.
756 1269 817 1321 238.
837 1271 898 1322 239.
918 1270 979 1322 241.
998 1270 1060 1322 246.
1078 1271 1140 1322 252.
1159 1271 1220 1323 265.

144 1338 266 1391 tradere:
286 1356 329 1391 res
348 1338 463 1391 traditae
476 1338 520 1391 vel
538 1355 589 1406 per
601 1338 684 1405 scrip-
720 1338 806 1390 trians
827 1363 858 1381 =
878 1341 970 1403 triana,
995 1342 1075 1389 111111
1092 1356 1177 1406 pars:
1203 1340 1263 1408 lege

179 1414 268 1461 turam
281 1410 398 1462 donatae
409 1413 474 1475 1473
486 1427 529 1462 res
543 1410 644 1461 donata
656 1410 685 1460 in
757 1409 935 1461 constitutum
949 1413 998 1476 est,
1008 1409 1137 1461 triantem
1150 1414 1263 1477 nepotes

178 1481 315 1548 praesenti
340 1480 441 1533 tradita
468 1484 516 1546 123
543 1480 577 1532 de
603 1480 684 1533 rebus
756 1496 811 1531 non
835 1480 950 1546 perdere
971 1483 1036 1548 1423
1065 1506 1096 1523 =
1117 1484 1263 1534 tremissis:

179 1552 229 1603 sibi
255 1551 405 1604 commissis
431 1556 478 1604 aut
504 1551 610 1604 traditis
636 1551 685 1603 ali·
756 1567 806 1617 per
829 1551 936 1619 singula
959 1551 1049 1618 capita
1074 1553 1195 1621 singulos
1214 1553 1262 1605 tri·

179 1623 245 1689 quid
270 1623 430 1676 subtrahere
455 1626 524 1687 2253
551 1639 594 1675 res
620 1639 684 1675 ven·
757 1625 834 1674 antes
852 1622 968 1674 reddere
987 1625 1047 1676 244.

179 1693 280 1746 dandas
299 1695 408 1747 tradere
431 1698 463 1758 ὃς
490 1724 523 1732 -
550 1693 685 1761 scriptura
720 1692 861 1745 tribunus:
881 1693 1002 1760 comites,
1015 1693 1118 1746 tribuni
1131 1698 1179 1747 aut
1190 1695 1263 1747 vilici

179 1764 259 1831 edita,
273 1765 389 1818 sednon
402 1765 503 1818 tradita
517 1768 581 1830 1473
601 1765 683 1832 scrip·
755 1767 816 1818 292.

177 1841 238 1888 tura
251 1838 285 1889 ab
298 1837 357 1904 ipso
371 1836 503 1889 donatore
515 1835 616 1889 tradita
634 1836 683 1903 ila,
719 1834 879 1888 tributarius
917 1837 976 1889 319.
1014 1838 1081 1900 3203
1118 1836 1263 1888 tributaria

178 1938 211 1945 -
230 1906 314 1959 filiam
332 1909 430 1976 nuptui
449 1907 558 1960 tradere
576 1911 619 1963 87.
632 1910 683 1972 893
755 1910 816 1960 320.

177 1978 269 2045 puella
293 1978 418 2031 tradatur
444 1980 488 2031 cui
512 1983 593 2046 pacta
620 1995 683 2031 con·
719 1976 868 2029 tributum:
896 1975 991 2043 pensio
1018 1975 1115 2027 tributi
1142 1979 1209 2041 2853
1240 1976 1263 2028 si

178 2049 277 2100 stiterit
302 2052 345 2104 88.
373 2081 406 2086 —
432 2050 552 2116 aliquem
575 2049 683 2101 tradere
755 2047 890 2100 tributum
909 2063 965 2098 non
983 2047 1066 2099 habet
1083 2047 1177 2099 serbus
1190 2064 1262 2100 com-

178 2119 258 2170 alicui
270 2118 311 2186 (in
322 2121 496 2187 potestatem)
512 2123 555 2175 87.
569 2123 611 2175 99.
623 2123 683 2175 104.
754 2118 861 2186 pletum
892 2121 959 2185 319;
995 2117 1105 2170 domino
1136 2119 1263 2171 restituat

181 2193 313 2244 117.119.
334 2194 401 2258 2153
420 2191 455 2254 cf.
475 2194 609 2259 potestas;
629 2208 682 2243 ser·
755 2189 859 2241 tributa
877 2189 912 2241 de
930 2190 1024 2241 labore
1043 2205 1091 2241 suo
1110 2206 1203 2242 servus
1227 2191 1261 2245 ib.

177 2278 242 2312 vum
268 2261 376 2314 tradere
400 2279 442 2316 aa.
466 2279 508 2327 pr.
536 2265 595 2316 187.
621 2265 683 2318 202.
719 2260 870 2313 tricennale
891 2264 1000 2327 tempus
1025 2262 1175 2316 283-285.
1201 2264 1262 2316 287.

178 2335 243 2396 2303
257 2349 365 2384 servum
377 2350 428 2400 pro
442 2333 529 2400 culpa,
542 2350 592 2399 pro
606 2337 684 2386 reatu
719 2331 898 2384 tricennium:
937 2331 1101 2399 interruptio
1136 2332 1263 2384 tricennii

178 2406 212 2456 tr.
233 2406 291 2457 157.
311 2407 379 2470 2043
402 2421 511 2456 servum
531 2404 565 2456 ad
583 2421 683 2472 penam
755 2406 816 2458 285.

178 2478 212 2528 tr.
226 2477 287 2528 207.
300 2478 368 2544 233;
388 2492 495 2528 servum
513 2493 601 2543 penae
620 2493 683 2544 sup·
719 2475 817 2527 tritura
832 2491 922 2527 areae:
946 2474 1047 2527 animal
1065 2474 1170 2528 trituris
1182 2492 1261 2528 areae

176 2545 258 2612 plicio
278 2549 311 2599 11.
332 2550 396 2614 101;
423 2564 531 2600 servum
550 2565 600 2616 pro
619 2565 682 2616 sup·
755 2546 870 2615 fatigare
889 2549 950 2601 246.

176 2617 258 2684 plicio
277 2620 309 2672 tr.
330 2622 391 2674 212.
719 2618 805 2670 tueri:
833 2619 929 2685 (tutor)
949 2617 983 2669 ab
1003 2634 1044 2683 eo,
1070 2635 1151 2684 quem
1176 2618 1262 2670 tuitus

141 2688 264 2740 traditio:
278 2706 402 2742 arrarum
414 2695 448 2745 tr.
461 2694 524 2754 1203
538 2708 587 2757 per
599 2690 682 2755 scrip·
755 2692 805 2754 est,
824 2689 999 2740 securitatem
1017 2688 1133 2755 accipiat
1153 2691 1212 2742 136.

176 2764 266 2811 turam
292 2760 348 2813 sive
374 2778 424 2827 per
449 2760 625 2812 traditionem
643 2758 683 2809 111
718 2758 799 2809 tuitio
821 2783 852 2799 =
870 2759 950 2809 tutela
965 2761 1119 2822 las—1363
1139 2758 1261 2811 inventa·

177 2829 279 2879 donare
307 2833 370 2892 1413
399 2829 590 2894 quodcumque
618 2844 682 2879 con·
754 2827 826 2878 rium
849 2831 974 2893 tempore
993 2831 1120 2893 acceptae
1138 2828 1262 2880 tuitionis

178 2899 314 2965 signatum
333 2914 384 2964 pro
397 2898 543 2949 traditione
556 2902 684 2950 teneatur
756 2896 858 2948 factum
879 2900 945 2961 1363
964 2898 999 2960 cf.
1018 2897 1114 2950 tutela.

178 2967 301 3020 omnium
337 2985 430 3020 rarum
467 2970 534 3033 2863
571 2967 682 3021 traditio
719 2967 916 3020 tumultuosus:
936 2983 987 3035 per
1004 2968 1186 3020 tumultuosas
1205 2970 1261 3036 ple·

179 3037 350 3107 (scripturae)
361 3055 425 3090 vera
438 3043 486 3105 est,
497 3039 606 3106 quando
617 3042 684 3107 aput
755 3038 803 3090 bes
821 3038 900 3108 regni
918 3037 1026 3106 fastigia
1045 3039 1158 3106 adipisci
1175 3043 1218 3094 40.

178 3109 255 3160 illum
269 3110 403 3176 scriptura
422 3109 545 3176 habetur,
565 3112 593 3162 in
607 3111 683 3165 cuius
719 3109 868 3162 tumultus:
897 3109 1037 3162 audientia
1062 3127 1117 3162 non
1142 3110 1261 3164 tumulto

177 3180 288 3232 nomine
307 3181 461 3248 conscripta
479 3185 520 3233 est
539 3185 598 3237 147.
756 3184 803 3232 aut
822 3181 941 3234 clamore
959 3180 1086 3234 turbetur
1104 3185 1147 3237 59.

141 3251 288 3304 1111111111
308 3254 367 3306 136.
389 3255 448 3306 143.
467 3255 527 3308 290.
719 3253 812 3304 turba:
826 3252 848 3304 si
861 3251 896 3303 ad
908 3251 1060 3304 faciendam
1073 3252 1168 3306 cedem
1180 3254 1262 3306 turba

142 3321 318 3375 transducere
337 3321 480 3375 facultates
498 3327 542 3378 42.
755 3322 926 3376 coadunetur
944 3326 1004 3378 227.

142 3393 289 3446 transferre
308 3394 410 3462 aliquid
431 3398 496 3461 1733
522 3412 565 3447 111
587 3395 616 3446 in
634 3411 683 3448 no·
719 3394 821 3462 turpis:
848 3394 882 3447 de
905 3395 1031 3462 turpibus
1053 3394 1136 3447 rebus
1154 3395 1261 3448 nullum

178 3465 250 3518 mine
263 3465 378 3518 alicuius
391 3466 538 3519 translatae
551 3469 602 3532 823
621 3483 683 3535 pos·
755 3469 867 3534 pactum
886 3472 936 3528 etc.
949 3465 1039 3518 valeat
1056 3468 1100 3522 80.

177 3538 303 3604 sessione,
335 3537 495 3603 vinditione,
526 3537 682 3605 donatione,
719 3538 820 3589 tutela:
848 3540 868 3591 t.
893 3537 1073 3605 pupillorum,
1103 3536 1262 3590 orfanorum

177 3608 309 3661 divisione
328 3612 376 3661 aut
394 3609 486 3676 aliqua
499 3609 683 3662 transactione
757 3611 816 3663 134.
838 3610 904 3675 1353
923 3609 1038 3661 tutelam
1057 3625 1147 3677 agere,
1165 3625 1261 3677 gerere

176 3681 338 3732 translatum
369 3683 436 3748 2903
468 3711 502 3719 -
533 3679 569 3733 ad
599 3680 683 3732 alium
755 3680 1261 3747 111111111315ς1.1111111111-

176 3751 324 3804 transferre
337 3752 473 3805 actionem
486 3755 534 3817 693
550 3782 581 3790 -
595 3755 682 3804 trans-
755 3750 845 3817 luerit,
864 3750 994 3818 suscipiat
1013 3753 1079 3817 1343
1099 3751 1155 3804 sive
1174 3756 1262 3806 mater

178 3821 248 3873 ferre
273 3847 305 3864 =
325 3823 476 3889 1111111111,
497 3823 683 3876 ‘abacbreiben'
754 3821 870 3874 tutelam
898 3822 954 3875 sive
982 3822 1146 3890 quicumque
1174 3840 1261 3877 susce-

178 3892 318 3958 exemplar
330 3891 447 3945 fideliter
459 3895 621 3946 translatum
635 3898 681 3961 633
754 3893 839 3961 perit,
869 3893 1042 3961 presentibus
1072 3895 1187 3948 testibus
1217 3895 1261 3948 vel

178 3961 248 4013 liber
277 3961 370 4028 legum
400 3964 549 4016 secundum
585 3965 683 4018 seriem
754 3964 914 4032 propinquis
933 3965 1022 4019 brevis
1041 3964 1129 4018 factus
1150 3966 1261 4018 testium

179 4031 257 4083 huius
277 4032 425 4084 translatus
443 4037 486 4088 44.
755 4036 934 4103 suscriptione
951 4036 1078 4088 firmetur
1097 4040 1155 4090 135.

142 4102 310 4171 transgredi:
339 4103 422 4157 iudex
449 4105 570 4159 edictum
595 4110 683 4159 trans·
719 4108 796 4158 tutor
809 4109 965 4172 134-1363
984 4111 1003 4161 t.
1023 4106 1057 4158 ab
1071 4106 1129 4157 aliis
1141 4105 1261 4172 parenti·

177 4190 284 4240 gressus
303 4177 364 4230 318.
755 4176 806 4229 bns
827 4177 857 4229 in
874 4176 1011 4245 presentia
1029 4174 1125 4228 indicis
1144 4175 1262 4243 eligatur

141 4247 325 4311 transgressor
344 4250 405 4302 313.
758 4250 824 4314 135,
849 4251 869 4302 t.
888 4246 1086 4300 intentionibus
1109 4246 1191 4299 debat
1213 4264 1260 4314 pa·

141 4316 257 4369 transire
275 4316 310 4369 sd
329 4318 459 4372 maritum
477 4322 524 4385 973
543 4322 633 4372 mater
649 4318 685 4371 ad
755 4335 817 4371 rara
843 4334 1005 4386 responsum
1035 4318 1086 4384 ila,
1117 4321 1136 4373 t.
1168 4334 1261 4372 coram
