3000 4934
435 382 513 436 Lux
531 381 646 439 VISIG.
665 381 934 439 REOOESSVIND.
971 380 1026 450 III,
1045 384 1071 450 5,
1090 386 1115 437 3.
1133 386 1160 439 4.
1309 387 1360 440 115

240 566 404 651 suprestis
434 585 520 629 uxor
550 568 612 642 est,
642 566 694 628 ita
723 565 906 649 possideat,
938 567 979 627 ut
1002 567 1080 650 post
1104 584 1203 628 suum
1227 566 1361 630 obitum

240 654 477 718 communibus
507 654 588 717 filiis
618 654 863 738 possidendum
890 654 1073 736 relinquat.
1123 653 1223 718 Oerte
1247 655 1276 718 si
1299 657 1361 718 aut

238 744 314 827 ipsa
330 743 557 819 discesseritt,
583 745 644 806 aut
660 762 857 806 communes
873 742 938 805 filii
953 743 1088 819 desunt,
1113 743 1361 826 proprietatem

239 831 500 915 prevaricatoris
529 831 595 895 viri
627 831 812 915 propinqui
842 831 915 895 eius
945 831 1088 895 heredes
1117 831 1361 896 incunctanter

239 920 429 984 obtineant.
464 919 555 982 Nam
578 920 670 1002 quod
694 920 759 983 al)r
778 939 883 983 uxore
908 919 1064 1002 quolibet
1086 921 1242 1003 tempore
1259 920 1361 983 dona-

238 1011 314 1071 tum
348 1008 494 1072 fortasse
530 1010 744 1092 perceperat,
785 1008 986 1092 propinquis
1024 1008 1139 1072 uxoris
1174 1008 1360 1073 heredibus

239 1096 366 1179 absque
391 1097 608 1161 dubitatione
625 1096 793 1180 proficiat,
818 1097 929 1178 adque
953 1096 1018 1159 hec
1042 1097 1147 1161 etiam
1164 1097 1206 1160 de
1222 1096 1360 1161 feminis

199 1230 202 1235 -
239 1185 378 1248 omnino
408 1185 601 1249 servabitur
630 1185 752 1261 forma,
784 1187 825 1247 ut
854 1185 1013 1268 penitens
1040 1185 1137 1267 virgo
1161 1185 1217 1249 vel
1244 1186 1359 1262 vidua,

239 1274 277 1348 si,
296 1275 391 1337 veste
415 1273 532 1336 laicali
555 1273 721 1396 deposita,
746 1272 914 1336 secularia
937 1273 1050 1337 denuo
1067 1274 1246 1336 sumserit⁸
1264 1275 1360 1337 indu·

239 1363 357 1425 menta
386 1363 448 1423 aut
478 1361 596 1424 inierit
644 1360 791 1424 fortasse
821 1360 991 1444 coniugia,
1023 1361 1144 1424 similis
1175 1381 1232 1425 eas
1262 1364 1297 1425 et
1324 1363 1361 1424 in

240 1448 447 1513 amissioneu
484 1469 600 1512 rerum
633 1449 732 1512 iuxta
766 1448 976 1533 superiorem
1011 1449 1053 1512 de
1087 1449 1169 1512 viris
1202 1452 1361 1513 taxatum

239 1538 394 1601 ordinem
429 1557 573 1602 censura
606 1538 806 1621 redarguat,
843 1540 879 1602 et
914 1537 1138 1601 districtionis
1169 1558 1258 1622 pena
1288 1558 1361 1623 per-

239 1626 386 1703 cellatl;
418 1627 469 1690 ita
491 1626 663 1703 videlieet,
694 1628 735 1688 ut
765 1626 1013 1710 proprietatem
1043 1625 1171 1690 femine
1200 1627 1273 1691 eius
1296 1627 1361 1690 filii

238 1717 300 1777 aut
327 1714 470 1779 heredes
498 1715 660 1792 habeant,
692 1715 914 1779 donationem
944 1717 1061 1779 autem
1085 1734 1106 1777 a
1127 1715 1201 1779 viro
1225 1735 1360 1800 percep·

237 1806 334 1866 tamw
359 1804 544 1888 propinqui
567 1803 693 1880 mariti,
726 1823 836 1886 aquo
862 1803 1057 1887 conscripta
1085 1804 1226 1868 donatio
1253 1805 1360 1868 nosci·

237 1894 304 1968 tur,
341 1893 459 1957 deberi
493 1892 559 1955 sibi
593 1894 813 1975 cognoscant.
868 1891 914 1954 Et
949 1891 1112 1974 quoniam
1146 1892 1361 1976 apostizandi

238 1981 457 2064 precipitatio
487 1980 610 2044 fraude
641 1981 757 2065 potius
781 1979 964 2043 mulierum
988 1979 1164 2063 sepissime
1188 1983 1360 2063 perpetra·

237 2072 304 2145 tur,
328 2069 365 2131 id
381 2069 486 2132 etiam
502 2069 657 2152 oportuit
672 2068 825 2152 presenti
847 2068 924 2151 lege
948 2067 1167 2144 censendum,
1191 2069 1241 2144 ut,
1266 2069 1361 2150 quid·

238 2156 321 2238 quid
352 2177 373 2218 a
399 2157 472 2220 viro
503 2175 563 2219 seu
593 2159 675 2219 ante
709 2156 850 2239 nuptias
885 2155 981 2218 sive¹
1015 2158 1094 2238 post
1125 2156 1290 2239 nuptias¹
1324 2156 1360 2218 in

238 2244 403 2307 nominey
436 2244 573 2328 isponse
602 2243 658 2307 vel
687 2243 803 2306 uxoris
836 2243 962 2306 tituloz
997 2243 1106 2308 fuerit
1141 2244 1251 2307 dotali
1284 2264 1360 2307 con-

239 2332 420 2415 scriptum,
451 2351 521 2395 non
550 2331 704 2395 mulieris
734 2332 890 2409 heredes,
922 2331 983 2396 sed
1013 2332 1156 2396 heredes
1187 2333 1269 2410 eius,
1300 2333 1360 2415 qui

240 2420 356 2484 dotem
380 2420 591 2504 conscripsit,
623 2420 761 2484 sibimet
783 2441 844 2504 per
867 2421 983 2484 omnia
1005 2421 1165 2484 noverint
1186 2421 1360 2485 vindican-

239 2509 332 2571 dum.
382 2509 540 2573 Personis
569 2528 649 2573 vero
683 2509 814 2573 talibus
849 2510 1034 2574 accusandi
1064 2510 1120 2574 vel
1149 2510 1360 2574 testificandi

239 2598 350 2680 adque
380 2598 494 2662 aliena
522 2598 663 2682 negotia
689 2599 919 2682 prosequendi
942 2599 1120 2664 licentiam
1143 2599 1282 2682 penitus
1305 2600 1360 2663 ab·

238 2706 419 2770 negamus;
455 2687 537 2769 quia
570 2707 641 2751 non
675 2689 866 2771 poterunta
899 2687 936 2749 in
965 2687 1115 2770 negotiis
1147 2687 1360 2752 secularibus

238 2774 357 2839 fideles
387 2775 546 2854 existere,
580 2776 640 2858 qui
671 2776 888 2841 devotionem
919 2778 1074 2840 sanctam
1104 2796 1191 2839 ausu
1221 2796 1361 2860 conpro-

238 2857 385 2926 banturb
412 2864 579 2947 sacrilego
602 2866 798 2928 temerasse.

442 3051 512 3108 ΠΙΙ.
543 3050 711 3106 FLAVIUS
730 3049 1045 3107 OHINDASVINDUS
1063 3051 1151 3109 REX.

478 3162 538 3226 De
569 3162 860 3226 masculorum
890 3162 1118 3225 istubris⁸.

344 3267 424 3331 Non
454 3267 719 3350 relinquendum
749 3271 801 3332 est
832 3266 943 3330 scelus
977 3268 1142 3346 inultum,
1179 3268 1272 3351 quod
1307 3270 1360 3333 de-

236 3349 457 3421 testandumb
485 3376 619 3440 semper
645 3358 703 3420 eto
732 3350 950 3420 execrabilei
980 3351 1135 3419 morum(1
1163 3358 1355 3440 pravitate⁰

237 3449 406 3510 censetur.
452 3445 686 3509 Masculorum
709 3464 791 3528 ergo
815 3437 1088 3522 concubitoresf,
1113 3445 1169 3509 vel
1192 3445 1252 3527 qui
1273 3446 1360 3510 talia

237 3535 490 3599 consentientes
506 3533 723 3618 pertulerint,
748 3536 824 3597 stag
843 3537 925 3596 sunt
940 3533 1026 3616 legis
1042 3533 1146 3597 huius
1162 3527 1356 3598 sententiah

236 3623 401 3688 feriendi:
433 3626 474 3686 ut
501 3623 647 3700 scilieet,
680 3644 758 3686 mox
788 3621 861 3687 tale
891 3621 990 3686 nefas
1020 3615 1225 3687 admissum¹
1255 3624 1359 3688 iudex

237 3712 414 3776 evidenter
436 3711 704 3796 investigaverit,
735 3714 899 3794 utrosque
923 3711 1087 3776 oontinuo
1112 3714 1262 3776 castrare
1285 3734 1358 3797 pro·

237 3803 334 3864 curet
364 3803 399 3864 et
428 3801 569 3865 tradens
600 3820 657 3865 eos
687 3800 844 3884 pontifici
875 3799 1044 3864 territorii
1078 3800 1195 3878 huius,
1232 3801 1293 3864 ubi
1322 3802 1359 3864 id

236 3889 429 3973 perpetrari
463 3889 661 3972 contigerit,
700 3888 942 3971 sequestratim
976 3889 1083 3953 ardue
1118 3889 1359 3973 mancipentur

344 4098 367 4145 q)
382 4093 486 4135 discessit
499 4095 545 4136 Bi,
604 4096 624 4142 r)
637 4091 667 4134 sd
681 4104 775 4135 uxorem
789 4096 835 4137 131.
896 4096 915 4143 s)
930 4096 1052 4136 sumserint
1066 4097 1112 4140 nt.
1167 4098 1185 4144 t)
1199 4096 1299 4145 lugerint
1312 4096 1358 4140 nt.

237 4152 260 4196 u)
274 4149 381 4190 missione
395 4149 442 4190 Rl.
496 4150 520 4196 v)
534 4147 633 4196 precelsi
646 4148 693 4190 121.
734 4150 764 4196 vv)
777 4151 886 4197 percepta
899 4149 946 4191 ΕΙ.
986 4151 1010 4198 x)
1024 4150 1073 4190 slve
1087 4154 1138 4199 post
1152 4150 1242 4199 nuptias
1257 4150 1358 4192 deant.

238 4205 261 4252 y)
275 4213 357 4243 nomen
370 4212 453 4251 sponse
467 4201 513 4242 Bt.
568 4203 588 4249 a)
601 4201 657 4239 deest
671 4201 717 4243 131.
771 4204 794 4250 s)
808 4205 932 4250 potuerunt
945 4203 991 4245 131.
1045 4203 1068 4251 b)
1081 4204 1206 4252 probentur
1220 4203 1266 4245 Rl.

344 4255 398 4298 1111.
439 4256 462 4302 s)
475 4253 560 4303 stupris
574 4254 620 4296 itt.
688 4253 711 4302 b)
725 4252 859 4295 detesttndo
874 4255 920 4297 nt.
984 4257 1006 4303 c)
1019 4256 1076 4295 deest
1090 4257 1136 4299 Bl.
1204 4253 1228 4304 d)
1241 4255 1359 4296 execravit

237 4307 316 4346 borum
330 4308 381 4358 1313
403 4307 553 4347 execrabilem
568 4307 647 4347 borum
661 4307 708 4351 nt.
773 4308 794 4355 e)
808 4309 840 4347 ita
854 4308 901 4350 121.
915 4308 968 4358 213
990 4309 1090 4357 probitas
1105 4310 1151 4351 nt.
1219 4309 1358 4358 ogoncubi-

237 4365 297 4400 tores
311 4361 362 4411 R1;
377 4360 559 4401 concubitoribus
573 4361 620 4404 Bt.
672 4362 696 4410 n)
710 4359 755 4401 ists
769 4361 816 4404 Bt.
870 4362 894 4410 h)
908 4361 1044 4402 sententiam
1058 4363 1105 4405 121.
1160 4362 1177 4411 i)
1190 4363 1297 4404 amissum
1310 4362 1357 4404 121.

1107 4447 1142 4505 8*
