3000 4934
543 1261 898 1346 PRAEFATIO.

269 1487 396 1585 Lepum
404 1501 638 1583 Visipotborum
653 1501 793 1583 editioni,
811 1522 906 1582 quam
921 1502 957 1567 in
968 1503 1090 1584 Lepum
1104 1503 1237 1569 sectione
1250 1504 1281 1568 Ι.

156 1591 386 1673 praebebimus,
414 1591 498 1655 bano
517 1590 687 1672 praeviam
706 1590 976 1672 praemittendam
1002 1591 1191 1673 curarimus,
1218 1613 1282 1674 qua

162 1701 228 1745 non
250 1679 316 1744 nisi
338 1678 535 1761 antiquiores
557 1679 638 1761 lepos
664 1678 963 1761 comprehendimus,
993 1679 1112 1745 scilicet
1137 1680 1281 1746 Codioem

162 1768 271 1850 lepum,
303 1789 393 1850 quem
423 1766 557 1833 dicimus
585 1766 809 1849 Enricmunm,
843 1773 872 1832 et
901 1768 1017 1849 Lepem
1047 1768 1281 1850 Visipotborum

160 1856 494 1937 Recoessoindianam,
523 1877 603 1938 quae
629 1855 666 1920 in
689 1855 911 1937 antiquissimo
941 1856 1043 1921 codice
1066 1857 1280 1940 manuscripto

160 1944 362 2010 inscribitur:
404 1944 502 2010 Liber
539 1943 740 2010 iudiciorum.
803 1943 929 2010 Codicis
961 1945 1079 2010 Eurici
1116 1967 1181 2009 nou
1215 1946 1281 2010 nisi

159 2034 342 2115 frapmenta
356 2039 482 2098 eastant
503 2032 539 2097 in
555 2031 658 2098 codice
672 2031 766 2097 unico
782 2031 973 2113 Parisieusi,
995 2053 1078 2114 v(puae
1100 2054 1139 2097 ea
1158 2033 1281 2100 schedis

159 2123 219 2187 Fr.
236 2121 388 2188 Heinrici
403 2122 515 2186 Kuust
527 2121 698 2202 posthuma
720 2119 820 2184 edidit
839 2119 1029 2186 Fridem'cus
1043 2120 1190 2202 Blulrme,
1207 2143 1280 2204 per·

155 2231 270 2291 peram
292 2231 331 2274 ea
353 2209 533 2274 Reccaredo
556 2208 587 2272 Ι.
612 2207 796 2273 attribuens.
846 2207 946 2274 Cuius
968 2208 1084 2274 codicis
1112 2231 1134 2274 a
1162 2230 1212 2276 me
1227 2231 1280 2276 re-

160 2297 289 2362 tractati
329 2303 446 2362 tentum
483 2295 648 2362 nonnullis
685 2295 761 2362 locis
794 2299 992 2362 emendatum
1029 2318 1116 2363 nuuc
1153 2298 1279 2383 quidun

165 2385 273 2451 lectori
306 2387 462 2468 praebeo,
502 2391 607 2450 tamen
645 2384 844 2465 deduitioam
881 2385 1048 2452 editionem
1085 2408 1152 2452 non
1178 2408 1278 2470 para

158 2474 271 2556 naim,
307 2480 476 2556 antequam
511 2474 702 2557 frapmentis
730 2473 849 2539 iterum
882 2473 1030 2557 inspectis
1064 2482 1106 2557 et,
1141 2475 1171 2540 si
1203 2475 1278 2556 lteri

151 2563 278 2645 poterit,
310 2569 377 2628 arte
400 2562 653 2646 plotopropbica
682 2562 828 2628 adbibita
856 2562 1033 2645 scripturae
1061 2563 1216 2630 manidoe
1249 2571 1279 2631 et

159 2651 340 2717 obliteratae
366 2651 507 2734 oestipiis
532 2650 636 2735 mapis
661 2650 840 2732 illustratis,
870 2650 1078 2734 inoestipatis,
1106 2652 1279 2735 eaploratis

158 2746 276 2805 tectum
291 2740 469 2823 pleniorem
491 2746 520 2804 et
543 2739 705 2805 certiorem
720 2739 864 2805 exhibere
871 2739 1004 2822 possim.
1043 2741 1159 2824 Lepem
1174 2747 1278 2807 autem

158 2827 479 2894 Reccessoindianam
508 2828 613 2893 adbuc
639 2828 707 2907 fere
734 2827 929 2910 incopnitam
951 2828 1020 2893 ideo
1043 2828 1110 2893 iam
1133 2835 1207 2894 ante
1230 2831 1277 2895 de·

158 2916 319 2996 finitioam
342 2916 510 2981 editionem
533 2916 569 2981 in
586 2917 714 2999 publico
730 2919 974 2998 proponendam
997 2917 1084 2998 duci,
1115 2917 1193 2999 quia
1221 2918 1279 2984 boc

158 3005 366 3084 fundamento
389 3004 451 3069 uiti
474 3006 568 3086 debet,
600 3005 784 3086 quicumque
814 3007 851 3072 de
881 3004 1076 3087 lapidatione
1106 3006 1278 3088 Visipotbo·

159 3113 231 3156 rum
252 3093 319 3158 uult
340 3093 532 3174 inoestipare
554 3094 602 3158 uel
624 3093 796 3173 disputare.
843 3094 947 3158 Haud
968 3093 1060 3159 dubie
1081 3094 1168 3159 enim
1187 3094 1278 3159 mult'

159 3200 282 3244 errores
304 3186 333 3244 et
349 3179 568 3260 dubitationes,
593 3180 705 3261 quibus
724 3181 828 3245 adbuc
850 3180 997 3262 irmlicati
1017 3188 1092 3246 suut
1106 3182 1171 3246 uiri
1186 3181 1277 3263 docti,

159 3267 219 3341 leae
240 3267 394 3349 oripinoli
415 3273 445 3332 et
465 3266 607 3349 penuiua
622 3266 719 3349 Lepis
733 3267 968 3349 Visipotborum
990 3268 1098 3347 forma
1113 3276 1278 3351 perspecta

157 3356 311 3435 facillime
332 3356 507 3420 solvuntur.

264 3445 438 3510 Praeterea
459 3444 496 3509 in
519 3444 703 3527 Appendice
729 3443 826 3509 buius
852 3444 1023 3511 uoluminis
1044 3445 1182 3511 subiecta
1204 3453 1279 3512 sunt

159 3540 189 3600 et
208 3534 366 3616 Capitulo,
386 3555 467 3615 quae
482 3533 632 3599 dicuntur
652 3532 891 3613 Gaudentiana,
915 3541 945 3599 et
961 3536 1042 3600 duae
1057 3535 1158 3616 Lepos
1177 3541 1278 3601 entra·

157 3629 277 3705 oapaut
311 3671 318 3686 .
365 3623 480 3704 Itaque
506 3644 592 3689 nunc
620 3622 722 3688 tribus
748 3622 904 3704 capitibus
927 3622 1060 3689 breuiter
1082 3625 1120 3689 de
1141 3623 1279 3706 sinpulis

158 3711 360 3792 disseramus,
390 3711 508 3778 scilicet
530 3733 598 3794 cap.
623 3712 654 3776 Ι.
682 3711 734 3777 De
757 3710 869 3778 Codice
892 3711 1018 3792 Enrici,
1049 3733 1117 3794 cop.
1141 3712 1196 3776 II.
1226 3712 1278 3778 De

157 3800 241 3881 Lepe
261 3799 559 3882 Recoessoindiaua,
584 3821 652 3883 cap.
677 3800 753 3865 III.
783 3799 835 3865 De
857 3799 1050 3882 Appendice.
1096 3800 1279 3882 Antequam

158 3894 262 3953 autun
295 3891 340 3954 ad
371 3889 500 3970 siupula
534 3891 705 3954 tractando
739 3888 919 3970 apprediar,
949 3888 1148 3971 principales
1181 3889 1279 3955 libros

157 3983 187 4041 et
207 3976 443 4042 dissertationes
465 3979 663 4059 enumerabo,
686 3976 723 4042 in
746 3976 859 4059 quimus
881 3976 945 4041 oiri
968 3977 1050 4043 docti
1072 3979 1110 4042 de
1132 3977 1184 4042 bis
1207 3977 1279 4060 lepi-

158 4067 215 4131 bus
237 4064 495 4147 disputauerunt:
517 4067 560 4131 F.
585 4066 619 4133 0.
643 4088 672 4130 o.
698 4065 851 4148 Saoipup,
877 4063 1073 4132 ‘Gescbicbte
1096 4068 1150 4131 des
1171 4065 1279 4131 Rb'mi·

156 4153 251 4219 ocben
274 4153 390 4220 Rechts
415 4154 460 4219 im
486 4154 686 4220 Mittebclter'
714 4150 778 4233 (ed.
802 4156 838 4238 2)
864 4153 912 4218 ΙΙ
932 4150 1139 4237 (Heidelberp
1164 4157 1276 4239 1834),

150 4263 186 4324 p.
201 4248 242 4306 67
255 4263 321 4325 sqq.
342 4249 372 4309 et
386 4243 463 4309 Job.
479 4243 606 4308 Merlrel
628 4242 674 4308 ibi
694 4242 732 4309 in
754 4248 835 4307 tomo
850 4242 926 4307 VII
938 4238 1069 4326 (1851),
1086 4263 1123 4324 p.
1137 4248 1179 4307 42
1191 4263 1278 4325 sqq.,·

154 4330 218 4399 Fr.
241 4330 357 4397 Blume
392 4328 531 4414 (posteas
560 4331 724 4414 Blubme),
757 4329 831 4397 ‘Die
857 4329 1102 4414 Westpotbiscbe
1130 4330 1280 4414 Antiqua
