3000 4934
378 373 457 430 LEX
474 372 590 431 VISIG.
609 372 879 430 Rnccsssvmo.
915 374 971 443 111,
989 378 1015 442 4,
1034 378 1112 432 6-8.
1258 378 1309 433 105

188 560 280 644 quod
306 558 456 622 voluerit
486 557 614 621 habeat
643 557 863 641 potestatem.
910 557 1077 622 Similiter
1099 560 1135 622 et
1157 551 1304 621 fratresb

186 647 405 802 ffimpatrffi
434 649 513 729 post
543 646 675 737 obitum
709 646 817 729 patris
846 645 999 710 faciendi
1028 646 1181 710 habeant
1210 645 1310 710 liber-

246 1004 249 1008 *
288 941 340 999 VI.
371 940 539 996 FLAVIUS
559 939 773 996 &comosus
791 939 1102 997 REOGESSVINDUS
1120 940 1208 997 REX.

190 1072 310 1152 Quod
338 1072 453 1136 servi
481 1073 716 1223 perventobs
745 1070 974 1134 adulteros
998 1071 1199 1135 occidere
1226 1092 1310 1135 non

637 1160 682 1221 iu
720 1161 858 1223 entur

296 1284 393 1349 Sicut
417 1282 618 1367 parentibus
646 1283 683 1345 in
707 1283 808 1346 domo
831 1285 1009 1366 reppertos
1034 1282 1209 1347 adulteros
1232 1303 1310 1366 neg·

188 1393 266 1439 care
290 1372 500 1448 conceditur,
528 1371 580 1434 ita
602 1373 784 1454 perventos
808 1392 829 1434 a
852 1371 957 1436 servis
1005 1371 1103 1435 erimi
1125 1393 1196 1436 non
1218 1372 1310 1437 iube·

187 1466 281 1525 turss.
335 1460 403 1525 Sed
438 1481 516 1524 cum
546 1479 603 1524 eos
634 1458 722 1523 servi
751 1460 967 1543 reppererint
998 1511 1004 1536 ,
1041 1460 1104 1524 sub
1140 1461 1304 1525 honesta⁰

188 1551 346 1615 custodia
367 1552 519 1626 teneant,
552 1543 682 1612 donec‘l
706 1551 786 1611 aute
812 1549 950 1612 domino
974 1549 1096 1612 domus
1119 1551 1181 1612 aut
1203 1549 1311 1613 iudici

187 1639 434 1724 presentandos
463 1636 633 1714 exibeant,
665 1640 700 1701 et
725 1638 878 1701 detectos
903 1637 1005 1702 certis
1027 1637 1164 1702 indiciis
1188 1637 1310 1722 legalis

188 1748 278 1812 pena
300 1718 502 1811 precellatf.

606 1913 673 1971 vn.
704 1913 888 1984 Auriana.

190 2046 233 2110 Si
267 2045 417 2130 puella
451 2045 520 2109 vel
553 2044 685 2108 vidua
720 2044 771 2106 ad
806 2044 972 2108 domum
1011 2043 1199 2108 alterius
1235 2065 1310 2128 pro

189 2134 439 2199 adulterioa
472 2133 662 2208 venerit,
697 2125 897 2215 eamqueb
932 2133 997 2195 vir
1027 2133 1120 2216 ipse
1150 2133 1310 2197 habere

544 2221 772 2304 coniugem
801 2220 942 2284 vellit.

295 2347 332 2411 Si
357 2345 496 2473 puella⁰
524 2345 675 2428 ingenua
702 2344 772 2409 sive
794 2343 900 2408 vidua
928 2346 972 2408 ad
999 2345 1139 2409 domum
1162 2345 1310 2411 alienam

189 2436 351 2500 adulterii
399 2434 692 2519 perpetrationem
716 2434 923 2509 convenerit,
952 2436 988 2498 et
1015 2434 1125 2518 ipsam
1148 2435 1208 2500 ille
1232 2456 1311 2499 uxo-

188 2545 259 2590 rem
289 2525 417 2589 habere
446 2523 608 2599 voluerit,
645 2526 680 2587 et
710 2525 884 2606 parentes,
920 2525 961 2585 ut
992 2542 1026 2587 se
1057 2524 1222 2602 habeant,
1255 2526 1310 2588 ad·

188 2615 379 2698 quiescant:
404 2612 464 2677 ille
488 2613 638 2696 pretium
655 2612 713 2675 det
729 2611 941 2695 parentibus,
966 2615 1134 2694 quantum
1150 2617 1311 2696 parentes

187 2702 302 2787 puelle
325 2702 458 2779 vellint,
482 2700 538 2767 vel
561 2703 730 2784 quantum
753 2701 785 2765 ei
808 2721 887 2764 cum
910 2701 985 2784 ipsa
1008 2699 1207 2765 muliereme
1236 2722 1311 2765 con-

187 2792 303 2857 venire
326 2791 489 2876 potuerit.
536 2789 664 2854 Mulier
678 2810 759 2853 vero
783 2789 826 2853 de
845 2792 1029 2873 parentum
1052 2789 1155 2853 rebus
1178 2789 1310 2853 nullam

187 2881 279 2945 inter
308 2880 435 2944 fratres
466 2898 553 2954 suos,
585 2877 652 2966 nisi
682 2881 842 2961 parentes
865 2878 1047 2955 voluerint,
1080 2878 1208 2942 habeat
1238 2899 1310 2961 por-

187 2970 327 3033 tionem.

597 3133 680 3190 vm.
711 3134 896 3206 arraona

190 3267 233 3330 si
261 3264 419 3329 mulier
446 3265 662 3347 ingenuaa
689 3266 845 3347 sponte
874 3265 1099 3330 adulterio
1128 3266 1311 3330 cuicum·

500 3373 580 3437 que
611 3371 653 3416 se
683 3352 865 3417 misceat
894 3354 997 3417 viro.

296 3477 333 3542 Si
367 3478 518 3561 ingenua
553 3476 678 3542 mulier
712 3471 935 3561 cuicumqueb
969 3479 1042 3542 viro
1073 3499 1109 3543 se
1140 3478 1311 3544 adulterio

187 3560 326 3632 volensb
354 3567 529 3633 miscuisse
554 3565 738 3650 detegitur,
771 3566 800 3630 si
823 3586 898 3631 eam
922 3567 995 3652 ipse
1018 3588 1160 3632 uxorem
1183 3569 1311 3633 habere
1356 3624 1358 3628 .
1415 3591 1420 3600 ¹

186 3655 346 3734 voluerit,
377 3656 505 3721 habeat
534 3657 755 3740 potestatem.
807 3655 863 3720 Si⁰
892 3659 1010 3721 autem
1036 3656 1198 3734 noluerit,
1230 3677 1311 3722 suae

186 3746 365 3899 impuqiir
367 3745 482 3829 culpe,
518 3739 606 3828 que(l
639 3764 675 3810 se
706 3743 877 3809 adulterio
907 3744 1025 3810 volens
1057 3747 1231 3811 miscuisse
1260 3756 1311 3810 co'·

187 3855 305 3918 gnoscr
366 3881 373 3895 .

294 4041 318 4092 b)
331 4038 361 4082 de
376 4040 391 4083 I.
404 4040 451 4082 132.

295 4094 334 4137 VI.
375 4096 397 4142 ι)
412 4093 519 4133 iubentur
532 4092 580 4135 132.
640 4092 664 4141 b)
678 4093 830 4142 repperimus
844 4094 890 4137 131.
945 4096 965 4142 c)
978 4094 1098 4136 honestate
1113 4094 1159 4138 131.
1214 4092 1312 4144 ‹1›qu

188 4159 230 4189 nec
243 4148 290 4190 122.
344 4150 367 4194 ο)
380 4144 410 4187 sd
424 4144 541 4186 dominum
554 4146 601 4187 131.
655 4146 789 4195 opreoclst
802 4147 853 4196 R15
873 4147 929 4196 lm:
943 4147 1057 4196 percellat

295 4200 345 4242 VIL
377 4202 399 4248 ι)
413 4197 550 4239 adulterium
565 4199 612 4240 122.
654 4198 677 4247 b)
691 4203 717 4239 ut
731 4209 803 4247 osque
817 4199 863 4243 131.
905 4202 925 4248 c)
939 4200 1037 4250 puellam
1050 4201 1097 4244 Rl.
1139 4198 1162 4250 d)
1175 4199 1312 4243 adulterium

188 4254 340 4306 pcrpetIttone
353 4253 400 4296 Bi.
455 4254 476 4300 c)
490 4251 584 4292 muliere
598 4251 645 4293 132.

189 4357 204 4399 d
295 4306 358 4349 vm.
405 4306 568 4397 apamiam
581 4304 628 4347 131.
711 4304 734 4352 b)
754 4304 835 4352 cuique
849 4314 874 4343 sc
889 4304 938 4344 viro
952 4305 1032 4346 volens
1046 4307 1092 4349 121.
1174 4308 1194 4356 o)
1212 4307 1253 4347 Sin
1266 4307 1312 4350 Bt.

205 4359 402 4410 )qu1121.s;q=
444 4361 462 4401 1.
