3000 4934
332 358 411 415 Lan
430 359 544 417 VISlG.
562 359 833 419 ascensuum).
869 361 940 432 1111,
958 366 984 430 4,
1003 366 1027 419 l.
1045 367 1072 420 2.
1212 368 1263 421 137

216 543 266 608 Π.
302 542 340 607 Si
362 562 479 608 servus
499 542 555 608 vel
578 542 707 608 ancilla
729 543 873 608 consciis
893 544 948 609 vel
971 545 1095 609 nesciis
1116 546 1263 610 dominis

303 631 455 716 proicere
478 631 663 696 videantur
685 631 866 696 infantem.

196 719 267 785 III.
303 718 371 799 Qui
399 718 643 804 aparentibus
670 719 885 785 infantulum
913 722 1085 805 acceperit
1112 723 1263 787 nutrien-

303 809 396 884 dum,
424 811 593 891 quantum
621 809 788 874 mercedis
816 830 878 893 pro
901 810 1092 875 nutritione
1116 811 1264 895 accipiat

303 897 511 981 premium&

570 1135 594 1194 1.
625 1137 838 1208 maenaa.

165 1269 221 1335 Ut
251 1288 326 1353 pro
356 1267 557 1352 exposito
587 1267 816 1331 infantulo
847 1269 1038 1352 ingenuo
1068 1270 1235 1335 serviat

551 1356 624 1438 qui
654 1356 855 1440 proiecit.

251 1479 288 1544 si
311 1480 388 1563 quis
411 1497 556 1565 puerum
580 1483 641 1542 aut
664 1479 816 1563 puellam
838 1479 1047 1563 ubicumque
1071 1482 1263 1565 expositum

143 1569 375 1635 misericordie
405 1567 697 1653 contemplatione
728 1568 906 1651 collegerit
917 1568 937 1646 1,
969 1573 1005 1634 et
1033 1570 1188 1635 nutritus
1218 1571 1265 1634 in-

142 1658 223 1723 fans
246 1677 267 1722 a
289 1656 491 1741 parentibus
515 1658 734 1740 postmodum
749 1656 858 1721 fuerit
876 1657 1026 1740 agnitus,
1051 1658 1080 1721 si
1103 1659 1266 1741 ingenuo-

142 1768 221 1811 rum
243 1745 336 1809 filius
359 1765 433 1810 esse
457 1745 658 1822 dinoscitur,
683 1749 745 1810 aut
767 1766 903 1810 servum
917 1746 1085 1810 vicarium
1106 1748 1264 1823 reddant,

145 1838 206 1899 aut
228 1834 380 1919 pretium
390 1834 411 1896 ².
447 1831 549 1912 Quod
572 1834 601 1897 si
623 1834 738 1899 iacere
753 1835 845 1898 forte
861 1833 1084 1911 neclexerint
1109 1855 1130 1898 a
1152 1836 1266 1899 iudice

143 1923 310 1989 territorii
341 1922 383 1987 de
410 1922 621 2007 proprietate
651 1925 835 2006 parentum
863 1923 1037 2006 expositus
1066 1923 1265 1999 redimatur,

145 2015 181 2078 et
202 2013 363 2097 parentes
392 2011 496 2074 huius
523 2009 713 2095 impietatis
741 2015 879 2075 autores
902 2011 1005 2074 exilio
1028 2015 1196 2094 perpetuo
1219 2032 1267 2074 re-

145 2100 308 2184 ligentur.
355 2098 494 2163 sivero
522 2119 593 2162 non
615 2099 812 2175 habuerint,
840 2100 934 2162 unde
961 2098 1072 2163 filium
1099 2100 1267 2163 redimere

145 2188 287 2273 possint,
312 2207 374 2273 pro
389 2186 566 2252 infantulo
582 2187 753 2251 deserviat
776 2187 835 2313 put
853 2187 1008 2271 proiecit,
1033 2190 1069 2252 et
1091 2180 1148 2249 inh
1168 2186 1267 2251 liber·

144 2280 219 2342 tate
246 2279 466 2361 permaneat⁰
494 2275 642 2359 propria,
673 2295 776 2358 quem
823 2275 975 2341 servabit
1004 2276 1115 2360 pietas
1143 2275 1267 2340 aliena.

146 2364 223 2430 Hoc
253 2385 333 2430 vero
363 2365 533 2440 facinus⁰‚
565 2384 643 2427 cum
672 2363 781 2428 fuerit
811 2364 1018 2447 ubicumque
1049 2365 1265 2440 conmissum,

146 2454 317 2518 iudicibus
342 2447 401 2518 eth
429 2472 590 2517 accusare
613 2452 718 2518 liceat
741 2456 777 2518 et
801 2455 974 2517 damnare.

562 2694 602 2751 Π.
632 2693 846 2764 surrouna.

179 2826 223 2891 Si
258 2845 410 2891 servus
440 2824 509 2889 vel
544 2824 712 2889 ancilla
746 2826 937 2891 consciis
967 2826 1036 2891 vel
1068 2825 1232 2890 nesciis

235 2913 422 2978 dominis
452 2914 652 2999 proicere
679 2913 917 2977 videantur
946 2915 1175 2979 infantem.

252 3037 311 3102 81³
333 3037 462 3102 ancilla
476 3037 532 3102 vel
556 3057 672 3102 servus
695 3037 733 3100 in
747 3036 871 3101 fraude
886 3038 1034 3102 fortasse
1049 3037 1265 3100 dominorum

143 3126 317 3192 infantem
346 3125 567 3210 exposuerint
599 3129 635 3191 et
662 3125 745 3208 ipsis
775 3125 892 3189 insciis
919 3124 1092 3189 infantem
1119 3125 1266 3209 proiece-

143 3216 224 3293 rint,
254 3215 370 3279 infans
399 3235 477 3280 cum
505 3214 614 3279 fuerit
640 3213 804 3289 nutritus,
832 3214 973 3278 tertiam
1002 3215 1135 3297 partem
1163 3213 1266 3296 pretii

143 3304 295 3368 nutritor
318 3303 482 3387 accipiat;
513 3307 565 3366 rta
594 3305 635 3366 ut
664 3302 756 3365 iuret
786 3304 847 3365 ant
876 3301 1000 3386 probet
1030 3300 1198 3375 dominus,
1229 3321 1265 3365 se

144 3393 236 3476 quod
259 3393 347 3457 servi
371 3392 425 3456 sui
447 3392 619 3455 infantem
645 3390 866 3474 exposuerint
893 3391 1078 3473 ignorasse.
1126 3388 1162 3453 Si
1185 3407 1265 3452 vero

144 3481 289 3545 consciis
312 3480 460 3545 dominis
483 3479 600 3544 infans
623 3479 790 3564 probatur
812 3478 919 3543 fuisse
942 3479 1102 3554 iactatus,
1131 3478 1168 3541 in
1193 3477 1265 3541 eius

143 3570 203 3653 qui
225 3563 400 3634 nutribitb
427 3572 600 3653 potestate
623 3571 834 3653 permaneat.

249 3813 308 3857 ‘rm
321 3812 376 3855 1111.
417 3814 439 3861 ι)
452 3812 552 3861 precium
568 3812 616 3854 aa

250 3866 268 3908 1.
315 3865 338 3918 ι)
356 3866 413 3904 ause
430 3865 479 3907 132.
560 3866 583 3913 b)
601 3866 658 3904 dem
676 3865 722 3906 121.
803 3864 824 3915 e)
845 3868 936 3904 maneat
956 3863 1005 3906 nr.
1086 3860 1110 3910 d)
1131 3873 1198 3911 quam
1220 3863 1266 3903 121.

142 3921 164 3968 Θ)
179 3918 236 3959 suun
250 3919 298 4016 iil'
321 3973 344 4020 ι)
357 3971 413 4010 aas
428 3971 476 4014 ns.
530 3971 554 4022 o)
567 3970 664 4010 nutrivit
678 3971 698 4010 n
707 3971 727 4013 r.

144 4184 265 4250 1)Hacr
286 4184 324 4236 ad
346 4183 494 4252 mmplum
517 4182 751 4250 Interpretctionis
773 4181 853 4247 lapis
875 4181 1012 4233 Romanor
1034 4180 1087 4234 Vis.
1111 4179 1148 4230 cd
1171 4179 1199 4233 0.
1216 4178 1264 4233 Th.

149 4255 179 4320 V,
194 4257 219 4322 7,
238 4257 264 4311 2.
282 4257 385 4323 scripta
402 4261 474 4310 aaut.
528 4253 556 4321 2)
573 4253 615 4318 Cf,
628 4253 660 4308 L.
673 4253 750 4307 Rom.
763 4252 818 4306 Vir.
831 4252 860 4305 0.
873 4251 964 4317 TW,
984 4253 1010 4317 8,
1026 4254 1050 4306 1.
1105 4251 1132 4314 3)
1150 4250 1266 4302 Proreus

145 4325 226 4378 aliter
243 4326 275 4378 de
292 4326 382 4378 ωάιηι
399 4327 542 4379 resteterit
560 4324 592 4379 L.
612 4323 799 4379 Rom.Vis.C.
816 4322 865 4377 Th.
883 4322 953 4388 127.
971 4323 997 4376 8.
