3000 4934
352 362 409 421 ΙΠ.
444 365 567 419 INDEX
585 365 724 421 RERUM
741 365 790 420 ET
809 365 1033 421 VERBORUM.
1200 370 1253 423 361

147 574 150 579 »
168 557 243 595 mere
262 543 312 608 643
331 557 382 608 per
399 542 531 595 iudicium
550 543 675 596 obtinere
711 543 825 595 iuratio:
837 559 930 596 coram
942 542 1033 596 iudice
1045 543 1181 596 iuratione
1191 560 1254 596 con·

167 616 229 668 227.
259 614 328 679 2893
360 628 404 666 res
433 615 536 681 absque
565 613 674 680 iudicio,

747 613 857 666 firmare
875 617 919 669 82.

167 687 231 736 ante
243 682 373 735 iudicium
386 688 517 752 usurpata
534 688 595 740 228.
608 689 675 753 229;
712 685 762 751 ius,
778 685 853 737 iura:
872 685 976 737 sanctio
991 684 1058 736 iuris
1071 684 1175 751 antiqui
1189 688 1253 751 1543

168 755 244 806 nulla
280 757 345 806 ante
376 754 507 809 iudicium
537 759 675 808 tormenta

168 828 236 893 2653
270 824 362 877 nullus
392 843 533 879 servorum
564 844 675 879 suorum

168 899 245 949 extra
270 896 412 963 publicum
437 899 455 952 i.
479 898 584 950 occisor
608 901 675 965 196;

168 968 185 1021 i.
211 966 362 1020 secundum
387 971 437 1036 69;
463 968 610 1021 auctoritas
635 968 675 1020 iu-

168 1037 232 1090 dicii
250 1041 300 1105 583
319 1038 408 1108 legale
420 1039 550 1091 iudicium
567 1043 615 1107 513
633 1040 675 1092 in·

167 1109 270 1161 iustum
287 1109 306 1162 i.
328 1113 378 1177 563
404 1110 534 1163 iudicium
553 1111 675 1163 veritatis

168 1183 216 1248 573
228 1181 246 1234 i.
258 1179 385 1246 equitatis
398 1184 441 1236 57.
456 1212 487 1219 —
499 1181 631 1234 iudicium
643 1208 674 1225 =

168 1253 316 1302 iudicatum
335 1254 474 1318 scriptum,
492 1255 589 1305 notitia
603 1255 676 1304 iudi·

167 1325 237 1374 euti:
264 1321 348 1375 iudex
375 1323 431 1376 duo
458 1322 559 1376 iudicia
585 1323 620 1376 de
645 1341 675 1377 re

168 1392 287 1446 discussa
306 1393 468 1461 conscribat,
495 1411 548 1461 que
567 1394 676 1462 litigan-

167 1464 237 1516 tium
248 1468 341 1532 partes
354 1465 489 1533 accipiant
506 1469 556 1534 533
575 1466 676 1518 iniusta

167 1534 268 1587 iudicia
283 1536 455 1589 conscribere
475 1540 524 1604 563
543 1536 675 1589 iudicium

169 1605 403 1674 conscribendum,
416 1624 433 1659 a
444 1607 535 1660 iudice
544 1609 675 1660 roboran-

168 1676 234 1729 dum
264 1680 314 1746 54;
346 1678 447 1731 iudicia
477 1678 675 1746 subscriptione

167 1750 297 1801 roborata
315 1752 365 1817 583
383 1749 516 1802 iudicium
532 1750 675 1816 (evidenti-

168 1819 218 1872 bus
248 1820 367 1887 scriptis)
396 1821 522 1874 emittere
552 1825 596 1877 57.
624 1824 674 1888 63;

168 1890 326 1958 scripturae,
337 1908 407 1958 quae
417 1892 498 1944 simul
510 1892 582 1944 tradi
591 1892 675 1959 parti-

168 1961 218 2014 bus
235 1961 345 2029 debent,
364 1963 382 2017 i.
401 1978 425 2018 e.
444 1966 615 2030 testamenta,
634 1963 674 2015 iu-

168 2031 238 2084 dicia
255 2039 300 2087 etc.
321 2036 390 2101 1643
413 2034 550 2087 evacuatis
568 2034 675 2086 iudiciis

168 2103 349 2171 omnibusque
379 2105 519 2172 scripturis
556 2108 602 2173 373
641 2104 674 2157 de

168 2172 262 2227 iudicii
286 2178 364 2228 textu
389 2176 531 2244 exemplar
556 2174 676 2229 fideliter

168 2245 329 2299 translatum
340 2246 456 2314 (iudicis)
467 2264 551 2299 manu
560 2247 675 2315 suscrip-

168 2320 228 2369 tum
246 2315 335 2384 sdque
354 2317 491 2387 signatum
512 2323 555 2374 63.
576 2349 607 2357 -
627 2319 675 2371 he·

748 756 847 808 artifex
860 756 927 808 iuris
945 759 994 822 303
1013 755 1055 807 ius
1067 756 1169 807 iustum
1187 759 1253 822 2813

747 844 804 879 non
814 826 1010 894 disceptatione
1021 826 1069 892 uti,
1080 826 1127 879 sed
1137 827 1196 878 iure
1205 830 1253 893 283

747 897 908 950 hereditatis
926 902 1072 966 parentum
1090 898 1151 950 iura
1163 897 1255 950 sortiri

750 972 816 1036 130;
842 969 884 1021 ius
902 969 942 1021 rei
960 985 1009 1021 sue
1031 972 1099 1034 2833
1125 985 1183 1020 rem
1202 968 1256 1020 iuri

748 1057 797 1091 suo
811 1040 947 1107 adplicare
966 1043 1032 1107 2013
1050 1057 1110 1092 rem
1128 1040 1170 1091 sui
1189 1039 1255 1091 iuris

748 1127 806 1163 esse
819 1111 959 1163 adstruere
971 1113 1039 1175 2853
1058 1128 1117 1163 rem
1130 1110 1172 1163 sui
1189 1110 1255 1162 iuris

748 1199 806 1234 esse
819 1182 982 1234 convincere
994 1184 1062 1250 2863
1081 1181 1184 1248 aliquid
1202 1181 1255 1234 iuri

748 1270 797 1305 suo
816 1251 965 1305 defendere
985 1256 1185 1321 10.151.279;
1204 1269 1255 1320 pro

748 1341 797 1375 suo
809 1323 869 1375 iure
881 1339 1038 1390 presumere
1055 1326 1122 1390 2563
1141 1323 1256 1391 perenni

748 1394 858 1447 sibimet
880 1394 939 1446 iure
962 1393 1100 1446 vindicare
1124 1397 1193 1461 2853
1220 1394 1256 1446 ad

747 1466 789 1517 ius
808 1483 888 1517 suum
906 1480 1036 1518 revocare
1058 1468 1125 1532 237;
1150 1465 1255 1533 proprii

748 1537 814 1589 iuris
837 1536 964 1589 dominus
989 1539 1039 1604 68;
1065 1536 1119 1588 iuri
1142 1537 1255 1604 proprio

748 1608 904 1676 mancipare
934 1610 999 1674 1543
1028 1624 1129 1674 servus,
1157 1608 1255 1660 ancilla

748 1679 830 1731 alieni
856 1679 921 1730 iuris
948 1682 1008 1734 110.
1033 1682 1101 1744 220;
1129 1679 1256 1731 venditor

749 1750 803 1817 (vel
822 1749 948 1818 donator)
968 1749 1034 1801 iuris
1053 1749 1135 1802 alieni
1152 1753 1255 1817 8.153;

749 1822 838 1874 alieno
865 1820 919 1873 iuri
943 1820 1064 1873 debitam
1092 1820 1255 1887 scripturam

748 1892 908 1945 subtrahere
933 1895 1001 1959 2203
1027 1890 1107 1943 fiscus
1130 1890 1164 1943 de
1188 1907 1254 1957 quo-

747 1963 878 2016 rumlibet
887 1963 946 2015 iure
957 1961 1148 2028 quodcumque
1158 1966 1255 2014 tenens

748 2037 816 2102 2853
841 2034 892 2099 ius,
918 2033 978 2084 iura
1002 2031 1080 2084 fundi
1106 2036 1166 2087 282.
1192 2036 1254 2089 289.

748 2109 813 2173 296;
832 2104 892 2156 iure
910 2103 1075 2156 hereditario
1094 2104 1145 2156 sibi
1164 2120 1254 2156 succe-

748 2176 813 2229 dere
833 2178 955 2241 19.127;
973 2175 1015 2226 ius
1034 2175 1187 2242 precarium
1206 2178 1254 2242 423

747 2247 790 2300 ius
813 2246 1044 2300 usufructuarium
1069 2249 1172 2302 1115.
1194 2249 1254 2301 127.

168 2387 246 2440 redes
274 2388 371 2441 eodem
399 2388 509 2456 iudicio,
540 2405 594 2457 quo
622 2396 675 2457 etc,
712 2390 794 2442 iussio
812 2389 892 2458 regis,
916 2388 1023 2457 regalis,
1047 2388 1124 2457 regia
1148 2391 1191 2444 55.
1211 2391 1253 2444 58.

169 2459 332 2512 sententiam
351 2459 441 2513 ferant
460 2465 520 2516 119.
548 2492 579 2499 -
605 2459 675 2513 iudi·

749 2464 809 2517 102.
835 2464 896 2516 228.
922 2463 991 2526 2703
1019 2460 1036 2514 i.
1062 2459 1160 2512 iudicis
1185 2462 1254 2527 228;

169 2529 241 2582 cium
271 2533 429 2583 translative
458 2558 489 2574 =
519 2533 674 2599 orbitatem,
748 2532 845 2585 iudicis
863 2531 945 2585 iussio
965 2531 1108 2599 obsignata
1126 2534 1168 2586 63.

168 2601 279 2653 decrdio
296 2605 346 2669 923
365 2602 399 2654 de
412 2602 466 2654 suis
478 2604 560 2656 rebus
572 2604 589 2658 i.
603 2602 675 2656 ferre
712 2604 815 2657 iustitia
833 2621 874 2659 cx.
886 2620 945 2670 qa:
964 2606 1059 2655 contra
1077 2602 1208 2655 iustitiam
1227 2606 1256 2655 et

169 2674 219 2739 823
244 2672 262 2726 i.
281 2672 316 2724 de
334 2672 508 2726 facultatibus
527 2674 581 2727 suis
608 2678 675 2742 1383
748 2676 822 2744 leges
840 2678 891 2741 48;
915 2674 1043 2741 iustitiae,
1067 2673 1172 2742 legibus
1191 2690 1254 2726 con·

169 2741 186 2797 i.
205 2743 343 2796 testatoris
361 2748 422 2800 221.
748 2746 832 2799 traria
850 2749 893 2801 55.

134 2811 244 2953 iup‘plllis:
257 2814 387 2941 &appula
399 2819 460 2871 312.
475 2845 507 2853 -
522 2817 571 2869 bos
583 2815 600 2870 i.
614 2820 675 2872 319.

133 2901 161 2935 m
211 2900 257 2938 are
331 2929 337 2940 .

134 2954 288 3009 iumentum
314 2961 376 3012 231.
402 2961 470 3025 253;
498 2959 621 3011 sumena
647 2958 676 3011 in
956 2926 1009 2980 Κ·

169 3042 284 3080 messem
302 3028 419 3082 alienam
431 3029 513 3082 missa
530 3033 598 3098 238;
617 3029 634 3083 i.
647 3029 677 3082 in
712 3028 846 3082 kalendae
864 3031 907 3084 45.
926 3032 987 3084 306.
1007 3031 1067 3083 313.
1088 3031 1148 3083 319.

169 3114 257 3152 messe
275 3099 386 3152 inventa
403 3103 523 3168 2418q.;
544 3100 562 3156 i.
580 3117 676 3169 percu-

169 3172 229 3222 tere
246 3174 313 3238 2473
331 3170 447 3224 iumenti
465 3177 575 3240 partum
594 3189 676 3225 excu·
962 3209 993 3263 L

170 3243 228 3292 tere
256 3244 324 3310 2453
353 3243 477 3295 iumenta
504 3260 532 3295 se
560 3243 677 3296 invicem
994 3244 1006 3263 ·

170 3311 336 3366 conlidentia
348 3317 416 3382 2453
433 3315 586 3367 iumentum
598 3330 676 3382 prse-
713 3313 793 3366 labor
810 3315 853 3367 82.
866 3315 935 3380 2653
954 3328 1013 3364 rem
1032 3328 1095 3364 cum
1108 3314 1256 3381 augmento

170 3387 242 3437 stare
260 3387 286 3439 4.
307 3388 366 3441 166.
749 3384 851 3436 laboris
869 3383 995 3436 amittere
1020 3386 1088 3451 283;
1114 3401 1164 3451 pro
1184 3399 1257 3435 com-

37 3487 42 3495 ·
135 3452 319 3508 iuramentum
347 3460 389 3512 91.
420 3459 478 3511 177.
509 3459 575 3524 196;
606 3456 677 3508 iura-
749 3455 832 3507 modo
846 3455 887 3506 sui
905 3454 1006 3507 laboris
1018 3454 1121 3522 aliquid
1133 3455 1257 3522 accipere

170 3526 257 3579 menti
269 3527 394 3581 condicio
409 3530 460 3595 823
479 3527 496 3582 i.
510 3527 678 3595 federepro·
750 3530 800 3594 69;
826 3526 936 3579 tertiam
961 3529 1068 3594 partem
1087 3542 1138 3593 pro
1157 3525 1257 3579 laboris

170 3597 280 3651 mittere
298 3602 349 3666 40;
368 3598 418 3651 sub
436 3598 454 3654 i.
471 3599 611 3651 taxatione
629 3601 677 3666 833
751 3598 792 3649 sui
811 3597 916 3665 premio
935 3597 1065 3664 consequi
1083 3600 1151 3665 2723
1175 3596 1258 3649 iudex

171 3668 323 3723 iuramento
348 3669 459 3723 firmare
484 3673 526 3725 50.
547 3673 589 3725 57.
609 3672 677 3738 2783
750 3685 800 3736 pro
828 3669 922 3721 labore
949 3685 998 3720 suo
1029 3666 1166 3721 decimum
1194 3685 1258 3721 con·

171 3755 234 3792 cum
258 3741 413 3794 iuramento
437 3741 558 3809 pretium
583 3739 678 3794 datum
751 3741 859 3793 secutus
884 3742 950 3808 217;
976 3739 994 3791 i.
1017 3757 1044 3808 p.
1067 3739 1085 3793 l.
1105 3757 1126 3794 s.
1145 3739 1257 3792 vicensi-

170 3810 345 3866 manifestare
365 3815 425 3868 159.
750 3828 827 3864 mum
845 3810 964 3863 solidum
983 3811 1117 3880 accipiens
1141 3814 1190 3879 543
1217 3828 1258 3864 sa-

136 3879 226 3935 iurare
251 3887 295 3939 52.
321 3887 364 3938 62.
391 3887 434 3938 72.
460 3885 503 3938 84.
530 3886 590 3938 137.
616 3886 678 3938 229.
750 3883 827 3935 iones
849 3901 876 3951 p.
900 3883 919 3935 l.
938 3899 958 3937 s.
979 3882 1115 3936 decimum
1141 3883 1258 3935 solidum

172 3956 233 4009 233.
251 3957 318 4021 280;
342 3955 360 4006 i.
379 3954 414 4006 ad
433 3953 604 4006 conditiones
627 3957 678 4020 53;
751 3954 891 4007 consecuti
916 3956 966 4022 55;
994 3981 1025 3997 =
1045 3955 1135 4006 labore
1152 3957 1259 4020 conqui-

172 4024 377 4079 condicionibus
403 4024 482 4078 editis
508 4025 525 4079 i.
550 4029 598 4091 733
630 4041 679 4092 per

171 4096 362 4150 condicionum
375 4096 473 4149 seriem
485 4096 503 4150 i.
517 4100 566 4162 753
586 4112 679 4148 coram

171 4165 262 4221 iudice
274 4167 318 4220 vel
337 4167 394 4220 eius
413 4167 506 4220 saione
525 4165 647 4219 districte
661 4166 678 4222 i.

173 4240 239 4306 1793
259 4242 341 4292 testes
359 4239 480 4291 iurantes
494 4241 559 4306 1773
579 4237 602 4290 si
615 4254 678 4290 con-

172 4314 258 4364 sortes
276 4326 334 4363 non
346 4309 495 4379 dignentur
507 4309 598 4363 iurare
616 4312 678 4365 280.

751 4028 819 4077 sita:
839 4025 869 4076 in
890 4028 964 4078 terra
984 4025 1093 4092 patroni
1112 4024 1147 4076 de
1164 4024 1259 4077 labore

751 4112 800 4148 suo
813 4096 957 4162 adquirere
972 4099 1038 4162 172;
1058 4095 1168 4147 domino
1181 4094 1258 4147 resti-

751 4170 812 4219 tuat
828 4166 932 4219 tributa
945 4165 1084 4218 delabere
1104 4182 1152 4217 suo
1166 4181 1258 4217 servus

752 4240 819 4305 319;
841 4262 872 4280 =
892 4243 975 4303 terra,
995 4253 1062 4303 quae
1081 4237 1169 4288 labore
1186 4237 1258 4287 culta

751 4315 803 4361 eat:
813 4307 935 4361 laborem
944 4323 1009 4374 sepe
1018 4306 1187 4360 circumdare
1197 4311 1257 4363 253.
