3000 4934
255 375 308 428 310
461 367 540 422 LEX
558 365 674 423 VISIG.
693 365 962 422 REOOESSVIND.
998 365 1067 434 XII,
1086 370 1113 434 2,
1127 368 1169 422 15.

321 546 385 602 XV.
415 543 610 600 FLAVIUS²
632 542 846 598 GLORIOSUS
864 541 1202 598 REOOESSVINDUS⁸
1225 541 1323 598 REX.

256 659 316 723 De
346 658 592 721 interdicto
628 653 827 719 omnibus
863 654 1143 739 christianis,
1178 675 1232 719 ne
1267 655 1391 738 quis-

256 767 336 830 que
357 747 539 810 Iudeum
558 763 825 827 quacumque
846 743 1046 806 factione
1067 744 1204 825 adque
1226 743 1391 807 favore

430 833 659 897 vindicare
682 831 751 895 vel
773 824 917 896 tuerib
945 834 1193 914 pertemtet.

364 941 408 1002 in
424 938 678 1003 conclusionem
702 938 856 1001 omnium
876 938 1119 1021 preteritarum
1141 937 1270 1020 legum,
1298 959 1389 1020 quas

257 1030 301 1092 ad
332 1028 560 1093 conterenda⁰
588 1027 732 1111 perfidia
760 1026 947 1090 iudeorum
977 1029 1050 1088 tam
1079 1029 1198 1089 nostra
1227 1026 1388 1090 intentio

257 1138 359 1200 qnam
383 1110 638 1200 precessorumcl
664 1119 860 1178 nostrorum
884 1115 999 1178 studia
1022 1115 1257 1192 decreverunt,
1286 1136 1389 1199 opor-

256 1206 326 1268 tuit
349 1206 439 1268 hanc
462 1204 644 1268 novissime
672 1203 784 1287 legem
815 1204 860 1266 ad
882 1203 984 1266 robor
1007 1202 1212 1266 soliditatis⁰
1242 1203 1388 1268 adicere

257 1297 293 1358 et
317 1294 515 1377 conpetenti
543 1293 758 1355 munimento
789 1292 954 1375 premissa
983 1310 1025 1354 ex
1054 1291 1174 1354 ordine
1203 1291 1386 1357 roborare.

257 1383 443 1465 Postquam
474 1382 566 1445 enim
597 1382 753 1446 dedimus
784 1400 879 1443 sacre
914 1379 995 1442 fidei
1028 1379 1183 1463 profanis
1217 1381 1387 1444 hostibus

257 1474 443 1554 conpetens
473 1471 656 1553 repudium
684 1473 719 1531 et
744 1469 877 1532 cunctis
906 1467 1207 1531 adinventionibus
1235 1470 1388 1553 perfido-

255 1579 333 1620 rum
349 1559 524 1642 posuimus
541 1578 582 1621 ex
598 1558 698 1621 obvio
713 1557 910 1633 terminum,
936 1556 1051 1620 debite
1068 1557 1225 1640 conpulsi
1248 1578 1385 1636 sumus,

257 1650 292 1710 et
321 1666 369 1722 ea,
401 1666 467 1728 que
499 1650 659 1709 concreta
689 1648 779 1721 sunt,
811 1645 968 1721 solidare,
1000 1648 1036 1708 et
1066 1664 1131 1727 que
1162 1645 1387 1710 consolidata

257 1737 347 1810 sunt,
372 1734 606 1818 pulcritudine
630 1738 822 1811 venustare,
848 1738 897 1811 ut,
922 1727 1113 1816 quantumf
1138 1734 1265 1797 artifex
1289 1735 1386 1798 viva-

258 1823 356 1885 ciusg
389 1823 594 1906 expresserit
624 1822 803 1905 ingenium
834 1823 1054 1905 cogitationis
1088 1822 1125 1884 in
1156 1825 1240 1898 arte,
1275 1826 1385 1887 tanto

256 1911 372 1994 vigore
397 1911 499 1974 simul
523 1914 558 1974 et
582 1913 686 1974 decus
711 1912 870 1974 adsumat
893 1911 1043 1993 qualitas
1059 1911 1179 1974 forme.
1225 1910 1279 1974 Ne
1299 1932 1385 1994 ergo

257 1999 528 2082 quibuscumque
560 2000 862 2063 adinventionibus
893 1998 1066 2062 calliditas
1097 1999 1299 2076 Iudeorum,
1332 2001 1385 2063 in-

257 2089 430 2152 desinenti
445 2089 682 2173 persequenda
698 2080 858 2165 conatuh,
881 2088 1045 2171 subrepat
1067 2087 1187 2151 obtate
1207 2082 1377 2171 profanai

256 2176 332 2240 iura
366 2177 520 2253 licentie,
560 2177 626 2240 hoc
665 2177 886 2261 providenter
921 2176 1007 2258 legis
1042 2177 1145 2238 huius
1180 2177 1385 2240 decernitur

257 2266 443 2341 sanctione,
474 2268 514 2327 ut
541 2265 659 2328 nullus
690 2267 732 2328 de
760 2265 929 2348 religiosis
954 2265 1198 2347 cuiuscumque
1221 2265 1383 2330 hordinis

255 2352 311 2415 vel
335 2354 474 2416 honoris
498 2373 558 2416 sen
582 2354 624 2416 de
648 2353 771 2436 palatii
793 2354 1024 2417 mediocribus
1048 2355 1158 2436 adque
1182 2354 1301 2436 primis
1323 2355 1383 2419 vel

257 2460 297 2503 ex
313 2441 471 2503 omnibus
496 2441 680 2504 cuiuslibet
696 2441 875 2523 qualitatis
899 2445 960 2505 ant
980 2443 1115 2524 generis
1139 2463 1160 2505 a
1182 2442 1384 2526 principum

255 2527 310 2591 vel
327 2549 619 2652 quarumcumque
635 2533 847 2613 potestatum
871 2535 932 2593 aut
948 2531 1105 2594 obtineat
1128 2534 1189 2594 aut
1213 2531 1383 2615 subrepat

256 2616 393 2693 animis,
426 2616 552 2680 iudeos
613 2612 709 2681 sivek
742 2640 813 2681 non
844 2619 1035 2702 baptizatos
1066 2620 1103 2681 in
1134 2639 1193 2683 sue
1224 2618 1382 2684 observa-

255 2704 360 2799 tionis
391 2707 596 2769 detestanda
626 2707 693 2770 fide
722 2710 758 2771 et
786 2708 1035 2771 consuetudine
1065 2727 1275 2792 permanere,
1308 2708 1382 2773 sive

256 2813 322 2869 eos,
347 2794 407 2875 qui
430 2795 597 2877 baptizati
621 2799 712 2870 sunt,
742 2797 786 2859 ad
813 2797 993 2880 perfidiam
1019 2797 1168 2860 ritumve
1191 2797 1381 2881 pristinum

255 2884 460 2965 quandoque
476 2884 598 2948 redire.
645 2884 773 2948 Nullus
798 2886 860 2948 sub
877 2885 1061 2969 patrocinii
1080 2886 1219 2948 nomine
1236 2886 1298 2948 hos
1315 2907 1380 2969 pro

255 2991 315 3034 sue
344 2973 524 3054 pravitatis
553 2973 695 3036 licentia
723 2977 867 3036 conetur
896 2967 950 3035 in¹
982 2974 1157 3058 quippiam
1186 2974 1378 3038 defensare.

255 3058 382 3123 Nullus
412 3081 626 3143 quocumque
658 3065 861 3184 argumento
892 3065 984 3124 autm
1011 3062 1164 3125 factione
1192 3061 1262 3124 illis
1286 3063 1379 3127 hanc

256 3149 516 3212 defensionemn
549 3154 692 3213 conetur
740 3151 935 3234 inpendere,
968 3171 1029 3234 per
1059 3171 1162 3233 quam
1192 3150 1297 3214 liceat
1328 3152 1379 3215 eis

255 3237 375 3299 obvia⁰
397 3241 514 3302 sancte
535 3239 618 3302 fidei
633 3241 669 3302 et
685 3239 873 3302 christiano
891 3239 1088 3302 contrariap
1109 3239 1220 3302 cultui
1236 3238 1375 3322 palamq

255 3328 317 3386 aut
352 3326 507 3389 occulter
540 3326 759 3409 aliquatenus
795 3330 995 3405 adtemtare,
1034 3329 1193 3410 nequiter
1223 3329 1378 3411 proferre

254 3412 310 3476 vel
332 3416 486 3498 tangere.
536 3414 636 3493 Quod
667 3417 696 3479 si
726 3417 896 3500 quispiam
927 3418 991 3480 hec
1020 3417 1244 3501 presumserit
1273 3420 1378 3480 teme-

254 3522 339 3577 rare,
365 3504 393 3565 si
418 3503 596 3588 episcopus
619 3505 727 3567 fuerit
751 3508 813 3567 aut
836 3506 941 3568 etiam
960 3525 1001 3568 ex
1018 3506 1140 3569 ceteris
1165 3505 1296 3568 clericis
1322 3506 1378 3567 ad-

255 3609 320 3670 que
348 3591 516 3673 religiosis
540 3592 595 3656 vel
619 3597 711 3656 certe
735 3613 776 3656 ex
800 3595 933 3657 cunctis
961 3593 1058 3658 laicis
1087 3595 1230 3676 quisque
1261 3594 1376 3677 depre-

255 3677 382 3740 hensus
407 3680 570 3757 extiterit,
601 3702 622 3744 a
646 3685 834 3744 convento⁸
864 3682 1113 3746 catholicorum
1137 3682 1299 3758 seclusus,
1325 3702 1377 3745 ex·

255 3767 530 3830 comunicatione
566 3766 817 3832 ecclesiasticat
858 3770 1005 3834 feriatur
1040 3774 1076 3834 et
1111 3775 1232 3854 quarte
1268 3771 1376 3854 partis

255 3854 409 3916 omnium
425 3855 594 3918 bonorum
610 3877 749 3920 suorum
765 3858 947 3923 amissione
970 3860 1187 3937 multabitur,
1213 3880 1278 3942 que
1294 3860 1376 3922 fisco

361 4026 407 4069 XV.
449 4028 471 4073 a)
485 4027 548 4068 Flav.
563 4028 591 4076 gl.
605 4027 671 4070 Reco.
687 4029 728 4077 lapi
742 4034 846 4079 nequeam
860 4031 906 4072 121.
961 4031 984 4078 b)
1000 4036 1064 4071 tuere
1078 4032 1125 4073 121.
1180 4034 1200 4080 c)
1215 4029 1377 4070 conterendam

254 4076 372 4127 perfidiam
386 4081 435 4122 122.
490 4078 513 4128 d)
528 4091 681 4129 presessornm
695 4084 741 4125 R1.
796 4083 818 4133 e)
831 4081 958 4124 soliditates
973 4085 1019 4127 121.
1073 4086 1092 4133 f)
1105 4086 1138 4123 ita
1152 4086 1203 4134 R13
1222 4087 1313 4133 quamto
1327 4084 1376 4125 Bi.

254 4133 276 4180 g)
290 4132 407 4172 vivacibus
422 4134 470 4175 122.
512 4134 536 4181 h)
551 4139 655 4173 conatum
669 4136 715 4177 121.
758 4136 775 4183 i)
789 4138 888 4187 itaE13
903 4139 1009 4186 profanat
1023 4139 1072 4177 iura
1086 4140 1140 4187 RQ
1156 4140 1251 4187 profane
1266 4139 1316 4176 iura
1330 4138 1376 4178 Rl.

254 4185 277 4232 k)
292 4186 369 4225 verba:
388 4188 437 4226 sive
451 4188 584 4238 baptizatos,
600 4193 785 4238 praesequantur
799 4191 822 4227 tn
836 4192 868 4232 od.
883 4191 981 4240 Macra,
1000 4193 1076 4230 desunt
1089 4192 1136 4233 Rl.
1146 4192 1165 4233 2.
1180 4192 1201 4229 E
1210 4194 1227 4233 1.
1282 4192 1298 4237 l)
1313 4191 1337 4228 in
1351 4211 1376 4218 -

254 4241 464 4283 connaturales.
506 4244 537 4289 m)
552 4242 584 4279 tta
596 4242 618 4280 E
626 4244 645 4283 1.
660 4243 713 4291 alii,⁸
727 4241 756 4281 ad
770 4244 816 4285 121.
858 4246 882 4290 n)
896 4245 928 4282 ita
941 4245 963 4282 E
971 4247 989 4286 1.
1000 4245 1053 4293 aiiij
1067 4243 1199 4284 defensione
1214 4246 1260 4286 Rl.
1302 4246 1323 4292 o)
1338 4243 1376 4282 ob·

253 4293 328 4332 viasse
339 4305 383 4341 pro
397 4294 464 4333 obvia
478 4293 516 4334 s‘ce
530 4294 566 4345 (=
579 4294 666 4345 sancte)
681 4296 727 4338 121.
788 4299 812 4344 p)
826 4298 940 4337 contrario
954 4299 1000 4340 Rl.
1059 4301 1082 4346 q)
1096 4298 1148 4347 pala
1162 4300 1208 4339 Rl.
1267 4299 1287 4345 r)
1301 4297 1376 4335 occul-

254 4349 303 4385 tare
317 4347 363 4388 121.
418 4350 437 4394 s)
452 4354 565 4388 conventu
579 4349 627 4390 Ra.
683 4350 700 4396 t)
715 4350 796 4389 eclesie
811 4351 857 4392 ΕΙ.
