3000 4934
455 371 533 427 LEX
551 370 668 428 VISIG.
686 369 956 425 REOOESSVIND.
993 369 1049 437 111,
1067 373 1131 439 4,1.
1307 374 1358 427 103

304 555 383 618 VII.
420 554 456 618 si
486 555 604 639 puella
637 554 691 618 vel
725 553 831 618 vidua
865 553 909 617 ad
945 554 1084 617 domum
1119 552 1262 616 alterius
1296 574 1358 636 pro

420 644 630 708 adulterium
659 643 831 719 veneritss,
867 662 1009 725 eamque
1039 642 1092 705 vir
1123 642 1196 725 ipse
1231 641 1358 705 habere

420 733 601 815 coniugem
623 731 732 796 vellit.

283 820 383 884 VIII.
419 820 457 884 Si
486 820 610 886 mulier
639 821 790 903 ingenua
825 822 947 903 sponte
980 811 1177 883 adulterioh
1211 819 1358 882 cuicum·

420 930 486 992 que
510 929 545 974 se
568 909 711 973 misceat
733 908 817 972 viro.

260 997 382 1062 VIIII.
420 998 456 1062 Si
479 998 603 1062 mulier
620 998 772 1120 ingqnua
787 996 912 1060 marito
929 995 1071 1060 alterius
1095 988 1146 1059 sei
1167 989 1355 1059 adulteriik

340 1177 383 1239 X.
419 1090 686 1239 IIIrIngIuIIinI?
694 1132 905 1256 torquendos
928 1177 1074 1237 servosm
1098 1175 1133 1237 et
1156 1171 1300 1236 ancillas
1323 1172 1359 1234 in

421 1264 534 1347 capite
559 1262 785 1327 dominorum.
1270 1312 1281 1321 .

320 1352 383 1414 XI.
420 1351 457 1415 Si
486 1371 548 1435 pro
581 1349 725 1414 celando
760 1348 949 1413 adulteriin
989 1348 1116 1413 scelere
1150 1349 1360 1432 mancipium

420 1439 578 1504 libertati
601 1438 771 1502 tradatur.
843 1497 845 1503 ,

301 1529 385 1592 XII.
421 1522 474 1592 De
499 1526 755 1592 adulterorum⁰
784 1527 970 1609 coniugum
993 1525 1106 1590 rebus.

280 1617 384 1681 XIII.
420 1616 474 1680 De
504 1616 668 1700 personis,
700 1615 824 1699 quibus
855 1614 1065 1679 adulterium
1096 1634 1255 1679 accusare
1286 1636 1360 1679 con-

421 1706 597 1782 cediturm,
642 1707 677 1769 et
720 1703 869 1787 qualiter
912 1703 1063 1787 perquiri
1104 1707 1165 1767 aut
1204 1704 1361 1767 convinci
1411 1718 1420 1729 ‘

421 1794 599 1858 iubeturl'.

257 1883 382 1947 XIIII.
420 1882 456 1946 Si
479 1883 650 1965 ingenuus
674 1881 743 1945 sive
767 1900 884 1945 servus
906 1880 1075 1963 virginem
1106 1883 1167 1943 aut
1189 1881 1361 1943 viduamm

420 1973 628 2054 ingenuamq
661 1968 830 2033 violenter
864 1969 1028 2052 polluisse
1064 1967 1235 2032 adulterio
1271 1969 1361 2032 dete-

457 2062 526 2122 tur.

310 2148 386 2212 XV.
421 2080 480 2211 {If
499 2148 670 2229 ingenuus
693 2146 764 2210 sive
788 2164 903 2209 servus
926 2145 1101 2209 nesciente
1121 2144 1259 2209 domino
1284 2144 1362 2209 alie-

421 2256 502 2298 nam
525 2233 799 2298 consentientem
824 2232 1036 2298 adulterasse
1060 2233 1284 2298 convincatur
1306 2254 1362 2296 an·

423 2322 574 2387 uillam.
864 2326 866 2330 ’

288 2412 384 2476 XVI.
420 2412 473 2476 De
504 2411 676 2476 adulterio
706 2411 845 2488 ancille,
878 2431 938 2475 seu
967 2411 1003 2475 id
1034 2432 1112 2475 cum
1140 2408 1356 2475 adulterumt

421 2500 621 2565 violenterm
643 2499 766 2564 fecisse
790 2500 990 2584 probentur.

268 2591 384 2655 XVII.
420 2589 474 2655 De
508 2588 746 2654 meretricibus
781 2590 941 2672 ingenuis
970 2589 1026 2654 vel
1056 2588 1204 2667 ancillis,
1242 2592 1303 2652 aut
1333 2590 1362 2652 si

422 2699 540 2743 earum
567 2678 710 2743 scelusm
739 2678 871 2742 iudices
899 2679 1096 2761 perquirere
1118 2678 1173 2742 vel
1198 2678 1362 2742 constrin-

446 2787 501 2832 ere
525 2768 712 2833 noluerint.

248 2855 385 2921 XVIII.
421 2790 474 2920 Im
497 2855 708 2920 inmunditia
731 2855 949 2920 sacerdotum
973 2859 1008 2920 et
1032 2856 1302 2919 ministroruml.

681 3024 704 3079 1.
735 3024 921 3094 inurens.

241 3136 306 3200 Sil
334 3136 570 3201 conibente
598 3138 673 3199 aut
700 3157 783 3200 non
804 3136 1040 3201 conibente
1068 3158 1243 3203 uxorem
1271 3161 1362 3202 cum

465 3223 553 3287 alio
583 3224 676 3287 viro
707 3223 977 3287 adulterium
1006 3225 1132 3288 fiat⁸.

348 3329 385 3394 Si
407 3330 484 3413 quis
506 3330 606 3395 uxori
629 3328 741 3394 aliene
765 3328 976 3394 adulterium
999 3330 1159 3396 intulerit
1181 3332 1360 3411 violenter,

186 3450 211 3485 a.
240 3418 423 3483 addicatur
445 3419 570 3482 marito
593 3418 757 3496 mulieris,
787 3421 829 3482 ut
855 3418 893 3481 in
916 3419 989 3483 eius
1012 3423 1186 3503 potestate
1208 3422 1363 3487 vindicta

239 3508 416 3572 consistat.
471 3506 571 3590 Quod
601 3507 630 3571 si
660 3507 815 3572 mulieris
846 3507 955 3572 fuerit
986 3508 1134 3574 fortasse
1167 3530 1361 3583 consensus,

239 3597 363 3661 marito
387 3596 508 3661 similis
532 3596 754 3680 sitrpotestas
778 3596 820 3660 de
844 3589 913 3660 eisb
932 3596 1085 3662 faciendi
1103 3599 1195 3680 qnod
1211 3599 1361 3683 placetl.

344 3789 367 3837 g)
381 3788 466 3836 ratque
475 3788 576 3826 rubricae
580 3798 639 3836 pora
648 3787 760 3830 dunat.
804 3786 828 3834 h)
837 3784 941 3827 adultero
950 3788 997 3830 132.
1038 3789 1055 3837 l)
1064 3789 1171 3833 sesam.
1212 3787 1361 3839 indultam:

238 3842 261 3887 (2
276 3842 316 3883 lm.
331 3840 560 3890 lcylmqueuntffll.
623 3840 1056 3890 1)cmolaysnequttRl,-deat132.
1119 3843 1197 3890 mlrol
1235 3845 1363 3884 arueram

235 3906 292 3942 pars
305 3895 362 3933 deest
375 3894 422 3936 121.
476 3892 699 3941 modulamini-121.
754 3895 776 3941 ο)
790 3891 953 3934 adulteriorum
967 3895 1014 3938 121.
1068 3897 1091 3944 p)
1106 3896 1138 3935 lta
1152 3897 1184 3945 Ε,·
1221 3897 1301 3938 ebatur
1314 3899 1361 3940 111.

238 3951 261 3996 q)
276 3948 295 3987 sl
310 3949 361 3990 add.
375 3947 421 3989 ΕΙ.
489 3948 509 3994 ι·)
527 3947 592 3986 huius
610 3947 710 3985 amca.
728 3946 800 3988 tortus
815 3948 879 3996 deest,
897 3950 1003 3997 iaqumu
1016 3949 1051 3988 De
1064 3969 1092 3978 —
1106 3950 1219 3990 violenter
1238 3951 1270 3989 su
1284 3951 1362 4000 lcyltur

238 4003 261 4039 ln
276 4001 324 4044 Bt.
378 4003 398 4049 a)
411 3999 494 4039 ancilla
507 3999 565 4041 121:
609 4000 627 4050 t)
640 3997 744 4039 adultero
759 4001 806 4042 121.
860 4001 1049 4048 u)m1sterlorum
1064 4002 1111 4044 Rl.

345 4054 363 4096 L
404 4053 569 4102 alisciatRl.
622 4052 645 4100 b)
660 4053 695 4092 hta
709 4053 756 4097 ns.
811 4052 1004 4104 evaluerunt.

240 4194 266 4259 1)
289 4196 331 4260 Cf.
355 4195 387 4246 do
409 4194 457 4247 hoc
477 4195 562 4262 capite
579 4200 603 4245 ct
621 4194 786 4260 sequentibus
803 4195 940 4262 cruam,
960 4196 1003 4250 ‘D.
1024 4197 1096 4252 Ro!
1114 4198 1153 4264 II,
1175 4216 1205 4266 p.
1223 4201 1275 4254 662
1292 4215 1361 4267 ew

240 4266 331 4333 Dahn,
353 4266 460 4331 ‘Westp
480 4265 530 4318 St!
545 4282 573 4332 p.
586 4267 640 4320 230
652 4280 724 4332 sqq.,·
747 4265 845 4332 Wildo,
867 4266 1044 4332 ‘Strafrccbt’
1058 4286 1087 4336 p.
1100 4270 1153 4324 809
1167 4285 1237 4337 edd-f
1262 4271 1361 4323 Roseae·

239 4337 305 4403 thal,
329 4336 523 4402 ‘Rechtsfolqen
541 4337 587 4388 des
604 4335 770 4388 Ebetruchs'
785 4353 814 4403 p.
828 4338 862 4391 65
878 4353 932 4404 sqq.
1132 4376 1134 4380 -
