3000 4934
305 395 384 450 LEX
402 394 519 453 VISIG.
537 393 806 451 REOOESSVIND.
842 394 927 462 VIII,
945 399 971 464 5,
990 399 1070 452 3-6.
1196 401 1248 453 257

128 579 352 655 decimentur,
377 579 553 655 amoverit,
578 599 641 662 pro
656 578 734 642 fure
757 582 919 642 teneatur
943 581 978 642 et
1002 579 1170 643 decimam
1193 580 1248 643 ad·

127 668 218 731 iecta
247 667 335 730 furti
365 667 600 751 conpositione
630 667 801 731 restituat.
859 666 896 730 si
924 688 1006 731 vero
1036 668 1102 731 hoc
1132 688 1249 732 servus

128 756 267 818 domino
300 756 476 820 nesciente
511 755 722 831 conmiserit,
759 775 876 819 servus
906 766 927 820 0
955 756 1071 819 hictus
1101 757 1249 840 accipiat

127 844 353 927 flagellorum,
383 847 418 908 et
446 845 605 908 dominus
634 842 771 906 nullum
795 844 959 907 damnum
983 847 1044 906 aut
1068 845 1248 908 detrimen·

126 935 202 994 tum
225 933 404 1008 sustineat,
429 934 490 997 sed
504 933 628 996 reddat
644 932 803 1009 decimas,
828 952 912 1014 quas
929 932 1042 996 debet.
1080 933 1116 996 Si
1132 935 1249 997 autem

127 1021 192 1084 hoc
210 1021 348 1085 domino
368 1021 510 1085 iubente
528 1021 734 1085 conmissum
750 1023 812 1098 est,
836 1021 919 1104 ipse,
944 1022 1004 1103 qui
1026 1021 1136 1097 iussit,
1160 1021 1249 1083 furti

128 1109 419 1192 conpositionem⁰
448 1111 592 1192 cogatur
615 1108 782 1173 exolvere.

530 1278 601 1336 1111.
632 1278 845 1349 ANTIQUAv.

188 1391 247 1454 De
271 1391 416 1475 porcis
440 1391 696 1455 errantibus
718 1392 762 1454 in
786 1390 899 1454 silva
922 1385 1188 1475 perventisb.

235 1495 303 1575 Qui
326 1517 447 1580 porcos
470 1500 624 1562 errantes
647 1498 684 1560 in
699 1497 786 1561 silva
809 1517 872 1561 sua
891 1497 1071 1574 invenerit,
1096 1500 1157 1561 aut
1173 1518 1249 1561 con·

126 1588 274 1649 testare⁰
295 1585 417 1649 vicinis
441 1585 545 1650 debet
568 1589 629 1649 aut
653 1585 823 1650 claudere.
871 1586 916 1649 Et
939 1586 969 1648 si
992 1586 1151 1650 dominus
1174 1607 1249 1670 por·

127 1694 244 1736 corum
267 1695 338 1737 non
362 1673 524 1751 adfuerit,
548 1695 656 1737 unum
680 1695 823 1759 porcum
845 1674 957 1758 prima
976 1675 1050 1739 vice
1073 1678 1249 1760 presumat

127 1765 162 1824 et
178 1762 295 1838 iudici,
316 1762 376 1845 qui
391 1763 499 1826 fuerit
514 1763 552 1825 in
567 1763 721 1847 proximo
738 1758 982 1840 constitutusl,
1007 1763 1147 1828 nuntiet
1163 1767 1249 1847 aput

127 1870 162 1913 se
181 1871 312 1934 porcos,
338 1851 397 1933 qni
414 1851 638 1928 vacabantur,
662 1851 822 1916 inclusos.
866 1851 1012 1928 Deinde,
1037 1853 1066 1915 si
1090 1852 1248 1915 dominus

127 1959 308 2021 porcorum
337 1939 393 2003 vel
423 1960 586 2023 pecorum
620 1961 689 2003 non
719 1940 924 2016 inveniatur,
957 1940 1130 2003 custodiat
1162 1942 1247 2003 tam·

127 2046 228 2108 quam
260 2048 339 2091 suos
369 2030 405 2091 et
435 2048 497 2112 pro
521 2028 705 2111 glandibus
736 2029 905 2092 decimam
935 2030 1180 2110 consequatur;
1212 2030 1248 2091 et

127 2135 204 2178 cnm
236 2115 395 2179 dominus
425 2115 593 2192 adfuerit,
619 2116 817 2188 mercedem
847 2116 1016 2192 custodie,
1052 2116 1147 2179 facta
1176 2136 1247 2200 pre·

127 2203 282 2266 sentibus
306 2203 478 2267 indicibus
501 2204 645 2280 ratione,
677 2205 720 2268 de
742 2204 908 2287 temporis
932 2204 1044 2288 spatio
1068 2204 1246 2288 percipiat.

545 2373 580 2432 v.
612 2372 825 2443 ANTIQUAa.

128 2486 171 2549 si
194 2507 560 2570 quorumcumque
584 2486 839 2551 animalium
869 2507 973 2570 grex
1000 2487 1043 2550 in
1071 2488 1247 2571 pascuis

446 2575 687 2640 intraverit
717 2568 917 2639 alienisb.

233 2681 270 2746 si
299 2682 337 2745 in
366 2703 494 2767 pascua
524 2703 606 2766 grex
636 2682 770 2746 alienus
799 2682 991 2759 intraverit,
1022 2703 1083 2747 seu
1106 2683 1241 2746 ovium⁰

126 2770 196 2834 sive
213 2792 403 2848 vaccarum,
428 2771 504 2846 hoc,
528 2772 621 2853 quod
645 2771 687 2835 de
707 2771 819 2855 porcis
842 2771 1071 2834 constitutum
1087 2774 1149 2847 est,
1173 2791 1245 2854 pre-

126 2859 271 2942 cipimus
309 2859 485 2923 cnstodiri.
545 2858 727 2923 Oonsortes
761 2879 842 2923 vero
875 2858 931 2923 vel
966 2854 1119 2943 ospites‘1
1156 2857 1246 2921 nulli

126 2947 296 3010 calumnie
320 2947 531 3024 subiaceant,
555 2947 637 3029 quia
659 2946 729 3010 illis
745 2966 846 3009 nsum
862 2947 1056 3024 erbarum0,
1081 2967 1147 3030 que
1171 2968 1246 3010 con-

126 3034 220 3098 cluse
249 3055 320 3098 non
349 3035 499 3111 fuerant,
532 3037 668 3098 constat
698 3055 770 3099 esse
801 3055 1027 3099 communem.
1074 3033 1142 3112 Qui
1164 3055 1246 3099 vero

126 3126 252 3185 sortem
283 3142 380 3185 suam
409 3125 520 3187 totam
550 3123 642 3186 forte
673 3123 880 3188 concluserit
910 3126 946 3187 et
976 3123 1089 3188 aliena
1119 3129 1247 3207 pascua

126 3210 267 3274 absente
298 3211 437 3274 domino
466 3211 614 3288 invadit,
646 3211 719 3276 sine
749 3212 929 3296 pascuario
958 3233 1029 3275 non
1059 3214 1244 3296 presumat,

124 3298 192 3361 nisi
213 3298 361 3362 forsitan
385 3299 544 3363 dominus
568 3319 694 3383 pascue
716 3300 876 3365 voluerit.

226 3469 276 3526 VI.
307 3469 476 3526 FLAVIUS
494 3469 709 3526 GLORIOSUS
728 3470 1038 3527 REOOESSVINDUS
1056 3470 1143 3528 REX.

125 3583 205 3646 Utl
233 3604 308 3667 pro
331 3583 528 3648 inventis
551 3583 818 3648 animalibus
846 3585 1044 3649 erroneis
1067 3584 1245 3669 publice

532 3673 833 3737 denuntietur.

231 3772 419 3842 Oaballnsb
438 3778 495 3842 vel
518 3779 682 3843 animalia
705 3779 857 3844 errantia
872 3779 977 3844 liceat
992 3801 1169 3864 occupare,
1193 3780 1246 3843 ita

123 3870 164 3928 ut
187 3868 246 3948 qui
268 3868 440 3932 invenerit
464 3868 647 3932 denuntiet
674 3871 736 3932 ant
764 3869 954 3933 sacerdoti⁰
983 3871 1069 3932 auta
1097 3869 1240 3933 comiti³

230 4056 251 4105 c)
265 4056 420 4105 conpositione
434 4057 455 4095 Β
463 4057 481 4098 l.

146 4162 150 4171 ι
230 4109 284 4152 1111.
318 4111 340 4157 a)
354 4109 410 4148 dam
424 4110 445 4148 Β
454 4109 474 4151 2.
521 4109 544 4156 b)
558 4111 591 4147 oa
604 4110 625 4148 Β
634 4111 657 4162 23
672 4111 777 4160 perventi
791 4111 838 4153 Β1.
886 4114 906 4160 c)
920 4111 1044 4151 contestari
1058 4111 1107 4153 ΒΞ.
1155 4109 1178 4160 d)
1192 4122 1244 4151 oon-

122 4166 189 4200 mm
204 4163 256 4257 ΗΒ..
297 4217 319 4263 a)
333 4215 389 4254 dccet
403 4215 452 4257 Bt.
506 4215 530 4262 b)
543 4215 631 4256 sliam
646 4217 694 4259 ΒΒ.
748 4219 769 4264 c)
783 4217 865 4256 bovum
879 4217 933 4268 Βῆ
950 4227 991 4257 scu
1004 4217 1088 4256 bovum
1101 4217 1151 4256 slve
1165 4227 1244 4256 vacca·

123 4279 172 4307 rum
186 4279 225 4308 scu
240 4268 316 4307 ovium
336 4268 380 4311 75,
434 4266 457 4317 d)
472 4268 573 4318 hospitas
587 4269 636 4310 aa.
690 4271 712 4317 a)
726 4269 847 4309 herbarum
861 4270 910 4312 ΒΒ.

122 4322 291 4424 ‘piscopovh
305 4323 331 4418 ἓ)
345 4322 401 4361 docet
415 4321 462 4364 Rl.
537 4322 560 4370 b)
577 4321 664 4362 ubau-
674 4333 719 4371 pro
733 4322 816 4362 caball-
829 4323 917 4372 carptus
929 4323 950 4361 Β
959 4323 978 4365 2.
1053 4325 1073 4371 c)
1086 4323 1118 4360 tta
1133 4322 1179 4366 ΒΙ.
1194 4322 1241 4372 Vm

202 4464 247 4505 ἰὼ.
257 4463 326 4512 Vlslg.
340 4469 387 4508 ant.
996 4466 1030 4520 17
