3000 4934
367 380 446 436 LEX
464 381 579 439 VISIG.
598 380 867 440 unccnssvmn.
904 383 940 452 V,
960 387 984 452 6,
1003 387 1082 441 3-5.
1236 388 1289 442 165

576 558 631 616 nr.
662 558 878 629 ANTIQUAa.

274 670 334 735 De
362 671 560 754 pignere,
590 672 626 735 si
648 692 724 756 pro
749 671 899 736 debito
924 672 1181 756 deponatur.

274 776 406 859 Pignus
416 775 436 855 ¹,
468 778 561 860 quod
590 798 653 861 pro
684 777 802 842 debito
833 778 1027 861 deponitur,
1064 779 1093 842 si
1122 798 1184 863 per
1214 800 1290 843 oau-

166 857 287 930 tioneb
309 865 418 930 fuerit
441 865 644 948 obligatum,
670 870 706 930 et
728 865 799 944 ille,
824 867 902 949 qui⁰
923 867 1048 950 pignus
1072 868 1287 951 deposuerat,

167 955 211 1018 ad
240 956 378 1038 tempus
413 955 642 1019 constitutum
676 954 833 1019 debitum
866 954 1054 1020 reformare
1085 955 1288 1034 dissimulet,

166 1046 245 1128 post
268 1042 360 1107 diem
376 1043 546 1107 cautionis
563 1046 721 1107 exactum
744 1062 853 1126 usque
877 1045 921 1106 ad
937 1044 1057 1108 deeem
1073 1045 1145 1109 dies
1164 1044 1289 1128 pignus

167 1131 301 1196 salvum
324 1151 385 1195 suo
410 1131 549 1195 domino
572 1134 774 1208 reservetur,
800 1134 861 1194 aut
885 1132 996 1197 eidem
1020 1132 1169 1211 domino,
1201 1133 1230 1197 si
1252 1133 1290 1196 in

166 1220 359 1304 propinquo
383 1222 445 1296 est,
469 1214 700 1303 reportetur⁶‚
725 1220 847 1303 adque,
871 1222 912 1282 ut
934 1220 1098 1284 restituat
1122 1221 1288 1298 debitum,

167 1311 359 1371 moneatur.
407 1306 508 1385 Quod
532 1309 561 1372 si
588 1328 649 1391 per
671 1307 929 1391 neglegentiam
955 1328 1054 1372 suam
1082 1309 1218 1374 debitor
1246 1311 1290 1374 ad

168 1397 260 1459 diem
288 1396 516 1460 constitutum
540 1397 658 1460 adesse
681 1395 870 1460 neclexerit
893 1400 955 1460 aut
978 1395 1136 1460 debitum
1157 1397 1290 1483 inplere

169 1483 353 1561 distulerit,
379 1485 554 1548 addantur
576 1504 689 1549 usure.
735 1483 896 1549 Ceterum
919 1486 948 1549 si
972 1484 1090 1550 adesse
1113 1506 1222 1569 usque
1246 1487 1290 1550 ad

168 1574 287 1637 decem
315 1572 397 1649 dies,
430 1573 520 1636 siout
549 1594 654 1658 supra
683 1573 848 1657 seriptum
878 1575 940 1651 est,
972 1576 1033 1638 aut
1063 1575 1156 1658 quod
1186 1575 1291 1640 debet

167 1661 354 1727 reformare
384 1661 667 1740 dissimulaverit,
698 1665 784 1726 tuno
816 1663 966 1726 creditor
995 1662 1103 1727 iudici
1132 1663 1189 1728 vel
1218 1683 1291 1749 pre-

167 1749 279 1834 posito
311 1749 462 1814 civitatis
485 1750 611 1834 pignus
634 1751 806 1828 ostendat,
837 1754 887 1828 ut,
918 1753 1108 1834 quantum⁰
1136 1745 1287 1816 iudiciof

167 1839 239 1903 eius
270 1841 306 1902 et
335 1839 442 1902 trium
472 1840 697 1903 honestorum
725 1840 878 1903 virorum
912 1839 1021 1904 tuerit
1051 1841 1288 1917 estimatumss,

167 1928 213 1991 sit
242 1926 386 1992 licentia
416 1927 643 1992 distrahendi.
690 1927 736 1991 Et
763 1929 983 2012 postmodum
1012 1927 1054 1991 de
1077 1929 1189 2012 pretio
1212 1947 1290 1992 ven·

168 2016 232 2079 diti
248 2016 399 2099 pigneris
416 2016 575 2092 creditor,
599 2019 768 2098 quantum
785 2017 817 2080 ei
833 2014 988 2091 debetur,
1013 2015 1079 2080 sibi
1096 2017 1289 2081 evidentius

165 2104 279 2181 tollat,
312 2107 347 2168 et
376 2103 522 2169 relicum
544 2103 606 2168 ille
629 2104 784 2187 resipiat,
817 2104 876 2186 qui
900 2104 1025 2187 pignus
1049 2097 1288 2189 seposuerath.

256 2290 327 2347 1111.
357 2289 526 2347 FLAVIUS
545 2289 760 2346 GLORIOSUS
777 2290 1088 2348 Rnocnssvmnus
1106 2291 1195 2349 REX.

169 2404 212 2468 Si
242 2404 401 2488 pignus
429 2407 739 2488 representato
771 2402 920 2468 debito
950 2425 1035 2468 non
1064 2405 1288 2469 reddatur.

275 2510 410 2593 siquis
434 2511 476 2588 ei,
507 2511 567 2594 qui
594 2529 667 2574 rem
694 2530 756 2594 pro
783 2509 925 2594 pignere
954 2510 1109 2588 eredidit,
1142 2512 1187 2575 ad
1214 2530 1290 2575 oon-

167 2599 331 2663 stitutum
364 2602 502 2683 tempus
531 2602 770 2684 representato
801 2598 918 2664 debito
952 2600 1079 2684 pignus
1108 2602 1290 2684 aceeptum

168 2687 343 2753 distulerit
373 2689 517 2753 reddere
547 2690 583 2752 et
613 2689 679 2752 hoe
710 2691 791 2752 ante
818 2691 955 2773 tempus
986 2688 1063 2772 lege
1090 2689 1286 2773 superiore⁸

166 2779 325 2840 taxatum
353 2778 502 2842 vendere
530 2776 586 2841 vel
615 2769 677 2840 inb
709 2796 792 2840 usus
825 2777 981 2861 proprios
1016 2778 1128 2861 adque
1158 2776 1290 2841 alienos

168 2867 417 2930 conterendum
446 2866 669 2950 presumserit
698 2866 881 2929 adtentare
907 2865 965 2930 vel
994 2865 1166 2930 malitiose
1195 2865 1290 2929 diffe-

166 2973 246 3017 rens
275 2953 429 3018 noluerit
456 2954 654 3036 adsignare:
685 2954 811 3038 pignus
842 2954 991 3037 quidem,
1023 2954 1115 3036 quod
1145 2954 1287 3037 aceepit,

167 3042 342 3124 integrum
364 3041 489 3105 reddat
513 3045 549 3105 et
571 3040 804 3118 medietatem,
833 3045 1002 3124 quantum
1025 3042 1152 3125 pignus
1175 3041 1289 3106 valere

168 3130 373 3206 constiterit,
398 3130 536 3193 domino
560 3129 712 3212 pigneris
736 3133 875 3193 coaetus
898 3130 1078 3213 inpendat.

390 3317 426 3373 V.
455 3315 625 3372 FLAVIUS
644 3314 958 3372 OHlNDASVINDUS
975 3315 1063 3374 REX.

220 3428 263 3493 Si
297 3450 382 3494 una
415 3449 601 3513 persona
632 3431 762 3494 reatu
795 3428 864 3493 vel
900 3429 1051 3494 debito
1085 3428 1238 3493 multis

494 3521 702 3583 teneatur
731 3517 960 3582 obnoxia².

275 3624 312 3688 si
340 3645 412 3690 una
440 3644 586 3709 persona
612 3624 771 3709 plurimis
799 3644 859 3689 rea
881 3623 937 3689 vel
961 3623 1112 3690 debitrix
1137 3626 1288 3701 maneat,

167 3714 226 3797 qui
256 3714 349 3798 prior
378 3715 416 3777 in
446 3713 615 3798 petitione
645 3713 849 3797 precesserit
877 3716 912 3778 et
941 3717 1003 3778 aut
1032 3733 1094 3797 per
1121 3712 1290 3797 plaeitum

273 3904 316 3946 111.
349 3906 371 3953 s)
386 3905 442 3943 deest
456 3904 504 3945 Rt.
546 3903 711 3953 limationem
724 3903 773 3946 ΒΞ.
814 3905 835 3951 e)
849 3914 890 3952 pro
905 3903 956 3947 add.
970 3904 1018 3949 121.
1058 3898 1082 3952 d)
1096 3900 1229 3952 deportetur
1242 3903 1289 3946 121.

167 3959 188 4004 e)
203 3961 287 4005 quanto
301 3956 349 3999 121.
422 3954 516 4008 nludlo
530 3957 578 4001 Bl.
652 3959 674 4006 g)
689 3956 821 3996 extimarum
835 3956 884 3999 122.
900 3957 947 4000 El.
1020 3956 1043 4004 h)
1058 3960 1165 4006 posuerat
1179 3956 1232 4007 1³23
1254 3966 1289 3996 se·

166 4010 329 4105 p⁰⁸u⁰m1i1i2
369 4063 391 4110 a)
405 4062 517 4112 superiori
530 4062 580 4106 122.
594 4062 642 4106 rr.
695 4062 718 4111 s)
732 4063 789 4102 aaut
802 4062 850 4107 nr.

274 4117 300 4159 V.
342 4119 363 4163 a)
378 4116 488 4155 obnoxius
502 4115 552 4158 ΒΞ.

168 4277 194 4342 1)
205 4276 284 4401 {ipsvm
297 4276 377 4342 leuem
389 4290 422 4328 err
434 4276 493 4326 iure
502 4273 623 4327 Ronmno
635 4273 756 4329 munere
767 4274 958 4328 demutarent
970 4274 1091 4341 Meitom,
1105 4273 1149 4329 ‘D.
1160 4273 1289 4340 Psondr!

165 4364 193 4414 Ρ·
271 4363 325 4415 899·
