3000 4934
245 375 296 429 156
439 369 516 426 mx
534 368 650 427 visre.
669 367 939 427 nnccnssvmn.
975 368 1011 438 v,
1029 371 1168 438 4,17.1s.

632 544 727 602 xvn.
758 543 973 615 auricula.

301 642 358 706 Ut
380 641 532 705 nullus
561 660 729 706 servum
759 658 879 704 snum
905 640 1068 705 vendat
1094 639 1304 703 invitus⁸.

350 746 554 831 Sepissime¹
577 746 671 829 leges
695 746 855 809 oriuntur
877 766 918 811 ex
933 746 1054 823 causis,
1080 748 1115 810 et
1139 766 1217 810 cum
1234 745 1366 829 aliquid

242 837 382 901 insolite
405 835 540 899 fraudis
563 834 690 911 existit,
714 854 853 900 necesse
877 837 929 899 est
953 836 1074 899 contra
1096 834 1249 898 notande
1273 834 1366 899 calli-

243 925 363 989 ditatis
393 924 558 988 astutiam
588 925 790 1006 preceptum
819 943 907 988 nove
938 921 1196 988 constitutionis
1226 923 1365 1005 opponi.

243 1012 468 1097 Conperimus
502 1010 692 1076 multorum
727 1030 840 1076 servor
870 1010 926 1076 vel
959 1009 1102 1075 ancillas
1132 1011 1177 1074 ad
1205 1010 1366 1076 eclesiam

242 1102 470 1185 quorumdam
499 1099 745 1164 sollicitatione
775 1099 963 1183 confugere
993 1102 1029 1164 et
1058 1098 1131 1164 illic
1163 1100 1206 1163 de
1235 1099 1366 1162 iniusto

243 1190 459 1253 dominorum
493 1188 637 1273 imperio
672 1187 848 1271 sepissime
878 1187 1076 1271 querellari,
1112 1191 1153 1251 ut
1182 1187 1233 1251 ita
1262 1188 1366 1252 inter·

243 1278 446 1343 cedentibus
463 1277 596 1342 clericis
611 1275 789 1361 religionis
805 1276 953 1341 obtentu
968 1277 1107 1340 domino
1123 1275 1366 1341 necessitatem

241 1366 444 1431 vinditionis
470 1367 707 1449 extorqueant.
731 1381 734 1387 ·
753 1364 822 1429 Hic
846 1365 952 1430 etiam
974 1357 1197 1449 plerumqueb
1226 1364 1365 1428 domino

243 1475 337 1519 error
359 1455 547 1538 inponitur,
576 1456 617 1517 ut
645 1456 707 1517 ant
735 1453 879 1518 clericus
902 1456 964 1518 aut
986 1454 1193 1537 quicumque
1217 1451 1305 1516 alius
1328 1472 1365 1517 se

241 1543 339 1607 velut
367 1546 477 1607 emtor
499 1543 708 1625 interponat,
739 1541 890 1625 pretium
914 1541 1108 1605 traditurus
1139 1541 1300 1617 alienum,
1329 1544 1366 1606 et

242 1631 305 1695 sub
329 1630 433 1695 huius
457 1630 811 1714 argumentationem⁰
838 1630 992 1695 conludii
1020 1631 1197 1694 interdum
1226 1629 1365 1693 domino

242 1719 417 1783 nesciente
447 1738 564 1782 servus
593 1719 764 1782 vendatur
794 1718 944 1795 inimico,
976 1719 1088 1802 adque
1118 1712 1292 1796 eveniat⁶‚
1323 1721 1365 1780 nt

241 1808 279 1870 in
301 1807 415 1872 vicina
437 1807 597 1871 forsitam
624 1806 700 1871 loca
728 1807 948 1885 constitutus,
980 1827 1059 1872 eum
1088 1805 1149 1870 ille
1179 1807 1363 1890 possideat,

242 1897 302 1979 qui
320 1895 459 1979 publice
473 1895 675 1960 nullatenus
691 1895 736 1958 ad
751 1898 968 1959 contractum
983 1895 1186 1959 vinditionis
1209 1895 1363 1960 accessit.

242 1984 390 2050 Proinde
425 1984 490 2048 hac
524 1983 765 2068 profuturam⁰
797 1984 957 2048 omnibus
991 1983 1068 2068 lege
1103 1984 1287 2061 sancimus,
1323 1986 1365 2046 ut

240 2072 359 2137 nullus
394 2092 529 2138 servum
564 2093 665 2137 suum
692 2072 822 2137 vendat
854 2073 1001 2151 invitus;
1037 2072 1098 2138 sed
1128 2072 1272 2138 clericus
1302 2075 1365 2135 aut

242 2161 365 2227 eclesie
397 2154 548 2239 custusf,
585 2161 675 2227 sicut
704 2161 742 2224 in
771 2160 849 2226 aliis
878 2161 1014 2246 legibus
1045 2161 1244 2226 continetur
1254 2161 1275 2239 ²,
1311 2181 1364 2224 ex-

242 2253 399 2315 cusatum
423 2271 444 2314 a
467 2249 571 2333 culpa
594 2250 733 2314 domino
763 2270 899 2315 servum
929 2253 1046 2314 amota
1073 2249 1240 2314 dilatione
1268 2248 1364 2313 resti·

241 2341 329 2402 tuat.
377 2337 468 2402 Satis
492 2338 584 2402 enim
606 2338 744 2403 videtur
766 2338 957 2422 indignum,
987 2338 1088 2402 utin
1111 2359 1152 2402 eo
1174 2337 1251 2402 loco
1274 2337 1364 2403 servi

242 2427 494 2490 contumaciam
509 2425 708 2491 rebellionis
724 2427 918 2505 adsumant,
934 2426 996 2491 ubi
1011 2426 1249 2510 castigationis
1265 2426 1362 2491 disci·

240 2514 337 2598 plina
360 2517 396 2580 et
419 2514 681 2599 obtemperandi
704 2515 928 2599 predicantur
943 2514 1111 2599 exempla.
1157 2514 1286 2598 Siquis
1301 2515 1364 2579 ita·

241 2624 307 2686 que
338 2603 516 2668 dominum
546 2623 645 2667 suum
675 2604 712 2666 in
742 2604 835 2669 hunc
862 2605 998 2669 inducit
1022 2624 1181 2681 errorem,
1212 2603 1363 2686 pretinm

241 2692 300 2774 qui
322 2712 384 2775 per
407 2692 620 2775 suppositam
642 2712 824 2775 personam
852 2693 1053 2777 conparavit
1082 2692 1239 2770 amittat;
1270 2693 1363 2774 quod

240 2780 301 2844 ille
324 2782 386 2844 aut
408 2780 506 2864 ipsoss
527 2781 710 2846 conmercii
732 2785 898 2864 tempore,
923 2782 982 2865 qui
1004 2781 1244 2858 inducebatur,
1268 2801 1362 2844 usur·

240 2861 324 2952 pet¹¹
353 2888 412 2933 sue
435 2869 640 2953 proprietati
668 2870 860 2948 habiturus,
892 2873 953 2933 aut
978 2870 1008 2933 si
1030 2871 1106 2947 hoc,
1137 2871 1362 2953 posteaquam

240 2956 357 3022 fuerat
371 2958 545 3035 inductus,
564 2959 752 3042 agnoverit,
769 2959 893 3023 iudicis
910 2950 1173 3042 exsequutione¹
1192 2958 1362 3042 percipiat

241 3049 276 3110 et
311 3066 447 3111 servum
484 3046 735 3111 nihilhominus
773 3067 834 3112 sue
867 3047 1022 3112 vindicet
1059 3047 1235 3131 potestati.
1292 3045 1360 3110 Hic

240 3137 366 3211 autem,
395 3135 513 3218 quise
537 3136 733 3199 ministrum
759 3135 1002 3201 fraudulenter
1023 3134 1226 3200 vinditionis
1252 3135 1361 3218 inges-

240 3223 295 3299 sit,
325 3223 432 3287 alium
454 3225 547 3308 paris
570 3224 685 3289 meriti
708 3244 844 3289 servum
868 3223 1016 3302 domino,
1046 3223 1103 3288 cui
1124 3224 1290 3287 instruxit
1312 3223 1360 3287 in·

240 3312 357 3389 sidium,
393 3312 580 3378 reformare
611 3315 764 3396 cogatur,
800 3316 836 3378 et
864 3316 938 3377 tam
966 3313 1119 3377 notande
1149 3311 1283 3376 fraudis
1312 3312 1361 3375 in·

239 3401 393 3484 probitas
416 3402 571 3486 precepti
595 3402 697 3466 huius
721 3395 973 3485 quoerceaturk
1000 3401 1148 3465 obiectu.

422 3535 535 3594 XVIII.
564 3535 733 3592 FLAVIUS
752 3535 1067 3592 OHINDASVINDUS
1085 3535 1173 3592 REX.

240 3629 283 3693 Si
313 3649 464 3694 servus
498 3651 574 3714 pro
605 3631 786 3695 crimine
822 3651 1090 3715 quocumque
1126 3632 1359 3694 contractu

391 3719 443 3782 ad
473 3718 710 3782 dominium
740 3719 976 3784 transierit
1007 3719 1207 3785 alterius.

345 3822 424 3888 Non
454 3824 782 3908 pretermittendum
812 3828 865 3890 est
894 3824 1000 3909 legali
1034 3825 1212 3890 sanctione
1247 3825 1359 3889 decer·

238 3932 333 3990 nere,
377 3913 470 3978 unde
513 3913 715 3997 plerumque
753 3914 1013 3998 inpugnationis
1050 3914 1185 3980 occasio
1221 3913 1359 3978 videtur

345 4067 416 4111 XVII.
450 4070 472 4115 a)
486 4068 542 4107 deest
556 4069 645 4106 rubrica
659 4069 707 4111 122.
755 4069 778 4117 b)
792 4069 896 4119 plerique
910 4070 961 4119 B1;
976 4073 1002 4110 ut
1015 4069 1048 4109 ita
1061 4066 1256 4110 intercedentibus
1271 4066 1358 4107 clericis

238 4141 264 4149 -
278 4121 437 4161 necessitatem
455 4122 481 4160 de
498 4132 568 4170 supro
585 4123 676 4171 repetita
694 4123 759 4161 aelam
778 4123 816 4162 boc
830 4123 875 4162 loco
884 4133 1004 4171 perperam
1019 4123 1102 4162 aarum
1115 4123 1191 4164 car.
1258 4124 1279 4169 c)
1293 4131 1359 4170 argu-

238 4174 376 4214 mentatlone
390 4175 438 4216 Ba.
507 4172 712 4222 d)devenlatR1.
780 4178 801 4224 a)
816 4177 935 4225 profutura
948 4177 998 4219 Ra.
1065 4176 1171 4227 ocustos
1186 4175 1234 4218 Ra
1298 4177 1320 4223 g)
1334 4174 1359 4214 lu

237 4227 287 4276 ipso
300 4228 347 4271 ΕΙ.
401 4227 425 4276 h)
439 4232 533 4277 usurpet
547 4229 630 4272 etRI.
684 4229 701 4277 l)
715 4229 860 4270 exsecutlone
875 4230 924 4272 Μ.
978 4228 1002 4281 k)
1016 4233 1148 4270 coerceatur
1161 4229 1211 4271 Bi.

239 4332 265 4399 1)
283 4333 324 4398 of.
345 4333 436 4400 casn,
459 4334 581 4401 ‘nasae’
598 4333 662 4402 vr,
679 4352 707 4403 p.
721 4336 782 4390 ars.
855 4335 883 4402 a)
898 4335 927 4390 V.
947 4335 1025 4399 afra
1043 4335 1095 4402 rx,
1116 4338 1141 4402 s,
1162 4338 1187 4390 s.
1206 4337 1232 4390 4.
