3000 4934
346 359 424 412 LEX
442 358 557 416 VISIG.
576 359 846 416 nnocnssvmn
883 359 934 428 VI,
953 363 979 426 4,
997 364 1095 416 8-11.
1232 363 1282 416 191

163 547 255 607 certe
278 543 340 606 sub
363 543 561 607 fideiussore
585 543 769 619 habeatur;
795 545 831 606 et
853 543 882 605 si
903 543 1050 606 evaserit
1070 542 1282 618 vulneratus,

162 654 224 716 pro
240 632 313 695 sola
329 632 561 716 presumtione
578 633 638 696 det
654 631 783 695 solidus
799 642 864 708 XX,
890 634 952 695 aut
976 631 1004 695 si
1026 651 1096 695 non
1112 631 1282 707 habuerit,

162 722 254 784 unde
283 724 465 805 conponat,
496 731 540 784 00
563 720 703 802 flagella
729 719 868 804 publice
894 722 1054 783 extensus
1078 720 1226 803 accipiat
1250 722 1285 782 et

164 813 260 874 extra
283 810 348 874 hoc
373 809 644 893 conpositionem
666 808 819 872 vulneris
848 808 980 892 inplere
1010 811 1163 892 cogatur,
1195 809 1285 871 sicut

164 921 184 961 a
207 899 378 962 iudicibus
401 898 510 962 fuerit
533 898 741 962 estimatum.

549 1067 648 1124 vnn
678 1067 892 1137 Annicula.

210 1181 252 1244 Si
276 1181 326 1244 ab
350 1182 542 1262 ingenuo
567 1201 718 1244 servus
745 1180 1015 1244 debilitetur
1039 1180 1239 1244 alterius.

272 1287 309 1349 si
339 1287 414 1368 quis
444 1287 616 1369 ingenuus
646 1306 782 1349 servum
812 1286 965 1349 alienum
987 1286 1106 1350 volens
1130 1286 1286 1349 debilita-

164 1376 262 1451 verit,
287 1375 436 1439 alterum
452 1375 543 1458 paris
559 1374 674 1438 meriti
697 1395 832 1438 servum
852 1374 991 1438 domino
1015 1374 1087 1438 eius
1112 1375 1193 1438 dare
1216 1396 1287 1437 non

166 1466 327 1527 moretur.
374 1463 480 1526 Illum
502 1483 582 1527 vero
608 1463 757 1527 debilem
781 1484 842 1526 suo
865 1456 1014 1526 istudiob
1043 1466 1079 1527 et
1102 1465 1219 1526 sumtu
1243 1463 1287 1526 ad

166 1553 371 1628 curandum,
404 1552 512 1616 donec
541 1552 687 1636 recipiat
717 1552 917 1628 sanitatem,
948 1552 1109 1616 retineat.
1162 1552 1288 1616 Postea

164 1661 254 1718 vero,
280 1642 308 1704 si
332 1642 447 1705 sanari
470 1641 632 1725 potuerit,
658 1662 719 1724 pro
734 1640 876 1705 vulnere
902 1641 1091 1724 conpositio
1112 1640 1222 1717 detur,
1247 1643 1288 1703 ut

165 1730 295 1793 iustum
317 1730 428 1793 visum
451 1729 559 1794 fuerit
586 1729 791 1794 iudicanti0.
838 1729 915 1794 Hac
944 1730 973 1792 si
1001 1733 1121 1814 postea
1149 1729 1287 1793 domino

166 1839 282 1883 servus
311 1819 479 1883 reddatur
508 1818 702 1896 incolomis,
735 1821 771 1882 et
801 1839 902 1882 suum
931 1819 1087 1902 recipiat.
1141 1818 1288 1901 Insuper

166 1910 282 1972 antem
299 1928 360 1992 pro
375 1907 462 1970 iacti
480 1907 686 1983 temeritate,
704 1911 745 1970 ut
762 1909 880 1971 oedem
896 1908 1030 1983 evadat,
1050 1928 1112 1990 pro
1129 1927 1178 1983 eo,
1196 1907 1288 1989 quod

166 2017 301 2060 servum
331 1996 484 2060 alienum
507 1996 688 2060 vulnerare
717 1996 911 2079 presumsit,
942 2006 970 2059 X
993 1994 1121 2058 solidos
1150 1993 1288 2057 domino

166 2085 253 2148 servi
278 2084 460 2168 persolvat.

585 2200 620 2256 x.
653 2199 866 2269 Annicula.

335 2313 379 2375 Si
409 2333 559 2376 servus
589 2312 826 2396 ingenuum
857 2305 1122 2397 percutiatl.

275 2419 312 2481 Si
340 2439 456 2483 servus
483 2418 635 2502 ingenuo
663 2418 737 2483 sine
766 2418 897 2483 domini
926 2420 1076 2483 iussione
1105 2419 1289 2502 percussio-

167 2529 245 2571 nem
267 2507 436 2584 intulerit,
462 2512 497 2571 et
512 2508 572 2572 ille
589 2508 712 2572 exinde
729 2509 894 2573 continuo
911 2508 1087 2584 moriatur,
1113 2528 1291 2592 percussor

168 2619 228 2680 pro
245 2596 430 2660 homicidio
447 2596 622 2680 puniatur.
661 2597 707 2660 nt
724 2598 828 2681 siqui
844 2618 1024 2682 percussus
1043 2597 1151 2661 luerit
1171 2597 1290 2660 statim

167 2708 237 2749 non
260 2687 436 2764 moriatur,
461 2686 533 2769 ipse
557 2706 674 2750 servus
691 2687 855 2750 continuo
870 2687 1031 2751 tradatur
1050 2687 1088 2749 in
1104 2705 1289 2763 carcerem;

168 2779 203 2838 et
219 2775 247 2837 si
264 2774 410 2839 evaserit
425 2775 637 2851 vulneratus,
662 2775 733 2852 ille,
758 2777 817 2858 qui
840 2779 1064 2859 percusserat,
1090 2785 1134 2839 00
1153 2774 1292 2857 flagella

168 2864 342 2947 suscipiat.
382 2863 552 2927 Dominus
568 2884 658 2940 ver0,
684 2864 713 2927 si
733 2864 891 2940 voluerit,
917 2884 978 2948 pro
1002 2885 1098 2928 servo
1123 2883 1291 2926 summam

169 2952 413 3035 conpositionis
442 2952 592 3027 exolvat,
624 2956 794 3034 quantum
825 2974 845 3014 a
874 2953 1046 3016 iudicibus
1076 2952 1185 3015 fuerit
1215 2952 1291 3014 esti-

168 3043 310 3103 matum.
358 3040 395 3102 si
426 3043 541 3102 autem
570 3039 731 3117 noluerit,
763 3060 899 3104 servum
928 3062 990 3124 pro
1022 3040 1124 3123 culpa
1153 3040 1291 3103 tradere

169 3149 239 3190 non
263 3130 425 3191 moretur.

596 3226 648 3284 XI.
679 3226 864 3296 ANTIQUA.

277 3339 320 3401 Si
350 3359 501 3403 servus
532 3360 701 3403 servum
733 3340 948 3404 debilitet
976 3341 1179 3405 alienum.

277 3445 313 3508 si
344 3466 460 3510 servus
491 3447 528 3509 in
559 3466 694 3510 servum
725 3447 1003 3511 debilitationem
1034 3447 1209 3525 intulerit,
1241 3469 1293 3512 ex·

171 3538 269 3617 cepto
296 3535 449 3599 vulneris
479 3535 772 3619 conpositioneml
807 3547 828 3601 0
856 3536 996 3619 flagella
1025 3536 1200 3620 suscipiat.
1248 3536 1294 3599 Et

170 3623 198 3687 si
229 3624 351 3688 exinde
382 3624 586 3688 debilitatus
618 3625 825 3708 agnoscitur,
862 3628 1030 3708 quantum
1061 3626 1211 3690 deterior
1242 3647 1294 3690 ex·

169 3712 282 3776 titerit
311 3713 384 3797 ipse
416 3733 542 3792 servus,
574 3714 677 3778 iudex
708 3716 838 3799 poterit
867 3714 1043 3779 extimare.
1090 3713 1137 3778 nt
1164 3715 1194 3778 si
1220 3717 1293 3800 ipse

170 3802 328 3865 dominus
345 3803 617 3886 conpositionem
634 3804 788 3887 accipere
804 3803 966 3882 noluerit,
991 3804 1138 3868 similem
1158 3824 1294 3868 servum

171 3894 231 3952 aut
254 3892 405 3974 pretium
429 3892 516 3955 servi
541 3891 679 3969 abillo,
709 3893 807 3956 ouius
835 3913 952 3957 servus
980 3913 1060 3957 eum
1084 3893 1292 3968 debilitabit,

171 3979 318 4062 accipiat
341 3983 377 4043 et
400 3980 501 4042 illum
524 3981 747 4044 debilitatum
770 4002 906 4045 servum
929 3983 995 4046 sibi
1018 3985 1172 4065 usurpet.
1217 3981 1294 4045 Hoc

171 4069 263 4151 ipsut
288 4068 392 4132 etiam
417 4069 518 4132 etde
543 4069 679 4134 ancillis
703 4071 909 4154 precipimus
934 4071 1110 4135 custodiri.

278 4241 351 4283 VIIII.
393 4241 548 4288 111111111Βῖ.
603 4239 778 4288 11)111κ11οΒ2.
834 4243 855 4296 c)
870 4240 992 4283 iudicantis
1007 4244 1053 4286 131.

278 4295 303 4335 Χ.
344 4294 367 4344 ι)
381 4295 437 4332 deest
451 4294 499 4335 122.
554 4294 577 4342 b)
591 4295 715 4344 percuttlst
729 4296 774 4339 131.

278 4348 315 4390 xl.
357 4348 612 4396 alconposltionth.
