3000 4934
228 370 282 425 250
393 365 471 420 LEX
489 363 604 421 VISIG.
623 361 891 418 REOOESSVIND.
929 361 1012 432 VIII,
1030 366 1057 431 4,
1075 367 1190 420 20-23.

631 539 696 595 xx.
727 538 940 609 nurrouxa.

565 635 625 699 De
657 655 761 698 cane
792 635 1006 698 damnoso.

338 744 396 808 Si1
420 742 606 807 cuiuslibet
637 741 731 804 canis
761 741 945 804 damnosus
975 742 1093 818 fuerit,
1124 744 1164 804 ut
1195 743 1361 807 devastet

231 826 408 899 berbicesh
437 834 499 895 aut
523 830 592 893 alia
614 851 738 914 peoora
761 830 852 893 forte
884 834 1035 912 evertere
1064 832 1204 914 ceperit,
1234 834 1271 895 et
1302 833 1361 896 de-

230 923 419 1008 prehensus
442 920 559 996 fuerit,
591 920 664 1002 ipse
689 919 847 982 dominus
872 919 975 995 canis,
1006 919 1067 982 ubi
1091 940 1132 983 ex
1155 921 1221 984 hoc
1245 920 1360 984 fuerit

231 1010 459 1084 conmonitus
485 1029 563 1072 eum
579 1007 633 1070 illi
655 1008 781 1083 tradat,
808 1008 864 1070 oui
880 1007 1044 1070 damnum
1061 1011 1197 1072 constat
1220 1009 1354 1072 fuissec

230 1100 388 1173 inlatum,
410 1101 451 1160 ut
467 1118 546 1161 eum
562 1096 707 1160 occidat.
744 1095 844 1174 Quod
868 1096 897 1158 si
920 1116 998 1160 eum
1023 1097 1177 1161 occidere
1200 1097 1359 1162 noluerit

230 1188 286 1253 vel
309 1188 363 1251 illi
385 1187 533 1261 tradere,
555 1185 611 1249 cui
632 1185 796 1247 damnum
813 1185 994 1268 primitusa
1015 1188 1151 1248 constat
1174 1187 1282 1251 fuisse
1307 1187 1359 1249 in-

231 1277 352 1354 latum,
384 1275 551 1358 quidquid
581 1274 801 1357 postmodum
825 1273 919 1336 canis
944 1274 1061 1336 damni
1084 1275 1272 1352 admiserit,
1300 1276 1359 1338 do·

232 1367 345 1429 minus
366 1365 460 1428 canis
477 1362 617 1446 duplam
635 1362 905 1446 conpositionem
929 1363 1073 1427 reddere
1096 1384 1166 1427 non
1189 1366 1357 1427 moretur.

431 1516 512 1572 XXI.
542 1514 711 1571 FLAVIUS
731 1514 1044 1571 OHINDASVINDUS
1063 1515 1151 1572 REX.

575 1610 635 1674 De
664 1610 833 1674 lesione
861 1610 1009 1674 vestis.

341 1719 377 1782 Si
401 1719 476 1801 quis
499 1717 655 1800 qualibet
679 1717 914 1780 occasionem²
936 1721 1066 1781 vestem
1091 1717 1277 1781 absciderit
1300 1719 1358 1783 vel

232 1809 366 1893 ruperit
401 1806 548 1870 alienam
585 1806 696 1887 adque
731 1805 890 1868 sordibus
929 1805 1166 1883 maculaverit,
1204 1809 1239 1870 et
1272 1808 1358 1871 talis

234 1897 369 1961 macula
392 1897 429 1959 in
444 1899 538 1959 veste
555 1893 717 1978 patuerit,
742 1897 782 1956 ut
799 1897 896 1957 extra
911 1895 1094 1959 feditatem
1117 1894 1196 1958 tolli
1214 1896 1357 1960 minime

233 1987 350 2070 possit,
375 2006 438 2070 pro
453 1984 541 2048 facti
557 1983 699 2047 crimine
715 1983 882 2046 obnoxius
898 1986 1046 2060 maneat,
1070 1984 1122 2047 ita
1144 1987 1184 2046 ut
1208 1985 1357 2048 similem

232 2078 363 2139 vestem
393 2075 563 2157 integram
593 2072 765 2136 restituat.
814 2070 914 2150 Quod
942 2072 971 2135 si
1000 2072 1106 2136 talem
1129 2075 1261 2137 vestem
1284 2094 1357 2137 non

234 2164 404 2239 habuerIt,
437 2163 539 2225 huius
567 2153 696 2225 vestisb
726 2161 885 2244 pretium,
917 2163 1086 2243 quantum
1115 2162 1252 2244 integra
1281 2162 1355 2239 illa,

233 2272 299 2335 que
322 2255 427 2336 rupta
451 2253 531 2314 aut⁰
552 2250 661 2314 incisa
684 2250 795 2331 adque
818 2249 994 2313 maculata
1014 2252 1075 2327 est,
1097 2250 1211 2314 valere
1228 2251 1356 2333 potuit,

234 2342 316 2405 dare
347 2339 573 2423 conpellatur.
620 2338 761 2402 Vestem
783 2359 873 2415 vero,
905 2358 970 2421 que
1000 2341 1105 2423 rupta
1135 2341 1215 2402 ant⁰
1243 2361 1359 2404 macu-

233 2429 307 2492 lata
330 2432 391 2505 est,
420 2427 480 2492 ille
504 2427 661 2510 accipiat,
687 2427 746 2509 qui
768 2427 859 2490 hanc
883 2427 1154 2511 conpositionem
1178 2428 1357 2492 exolverit.

234 2517 271 2581 Si
287 2537 366 2581 vero
383 2537 500 2580 servus
516 2517 581 2579 hoc
597 2516 730 2592 fecerit,
756 2519 791 2579 et
815 2516 973 2579 dominus
997 2537 1059 2599 pro
1081 2511 1142 2581 eo‘l
1162 2538 1358 2600 conponere

232 2606 419 2682 noluerIt0,
451 2625 586 2669 servum
610 2625 672 2688 pro
697 2598 922 2687 qualitatemf
950 2605 1101 2668 criminis
1124 2606 1262 2670 tradere
1286 2627 1359 2670 nou

233 2698 396 2759 moretur.

622 2775 718 2831 xxn.
749 2774 963 2844 ANTIQUAa.

256 2871 299 2936 si
328 2871 643 2935 fraudulenter
673 2871 769 2953 quis
799 2870 1027 2934 ambulans
1057 2865 1125 2935 inb
1153 2872 1334 2955 laqueos

468 2954 604 3024 ferisl
637 2962 898 3043 preparatos
928 2961 1111 3024 incidat.

341 3067 378 3131 Si
412 3068 488 3150 quis
522 3067 624 3131 sudes
662 3067 699 3128 in
733 3066 834 3130 vinea
870 3067 1023 3150 posuerit
1058 3067 1128 3131 sive
1162 3067 1200 3129 in
1234 3087 1359 3151 campo

233 3159 375 3240 propter
397 3156 498 3233 feras,
524 3158 560 3220 et
582 3155 632 3218 ibi
656 3154 789 3238 aliquis,
817 3155 899 3218 dum
922 3156 1057 3219 furtum
1080 3156 1195 3220 facere
1217 3158 1357 3234 temtat,

232 3246 403 3321 inciderIt,
429 3245 530 3329 culpe
554 3245 627 3309 eius
651 3247 788 3327 oportet
809 3244 967 3320 adscribi,
992 3246 1052 3328 qui
1070 3244 1192 3309 vulnus
1209 3246 1357 3328 excepit,

233 3335 325 3417 quod
348 3335 385 3396 in
408 3354 479 3398 rem
504 3332 652 3397 alienam
676 3333 917 3397 fraudulenter
940 3334 1113 3417 ingressus
1136 3336 1198 3398 est.

615 3486 726 3543 xxm.
758 3485 971 3556 Axuenna.

233 3582 301 3659 Ut,
327 3584 400 3665 qui
424 3583 603 3665 laqueos
627 3582 736 3645 feris
760 3582 900 3665 ponit,
926 3586 968 3646 et
991 3582 1089 3646 loca
1113 3583 1356 3657 discernat,

314 3672 357 3733 in
388 3672 546 3754 quibus
576 3672 726 3754 ponat,
758 3672 801 3733 et
830 3671 1001 3736 vicinos
1032 3672 1271 3735 admoneat.

341 3776 377 3840 Si
407 3777 483 3860 quis
513 3777 550 3839 in
577 3776 680 3839 terris
711 3776 781 3838 suis
811 3775 929 3840 foveas
959 3778 1095 3854 fecerit,
1127 3780 1168 3840 ut
1197 3777 1288 3841 feras
1320 3778 1359 3840 in

234 3865 361 3929 eisdem
392 3865 500 3929 foveis
529 3864 796 3948 conprehendat,
829 3867 890 3928 aut
919 3865 1059 3948 laqueos
1082 3866 1138 3931 vel
1162 3887 1257 3930 arcos
1281 3887 1357 3950 pro·

339 4021 385 4062 XX.
426 4022 448 4068 a)
461 4020 518 4058 deest
531 4019 580 4061 122.
634 4020 657 4068 b)
671 4020 774 4060 verbices
788 4020 837 4062 122.
892 4022 912 4068 c)
926 4021 1007 4060 fuisset
1020 4022 1067 4063 121.

339 4074 397 4116 XXI.
445 4075 467 4121 a)
482 4073 662 4115 occasionem.
736 4075 759 4122 b)
774 4074 916 4116 vestIle.
991 4077 1011 4123 c)
1026 4074 1126 4118 velBI.
1202 4071 1358 4123 (immoler.

233 4128 254 4175 e)
269 4126 352 4166 nolerit
364 4128 411 4169 131.
466 4127 484 4175 f)
498 4127 608 4175 qualitate
622 4127 643 4165 R
652 4127 671 4168 2.

339 4181 409 4223 XXII.
450 4181 605 4230 normam.
659 4181 682 4229 b)
697 4181 954 4229 mrlprolnl.f.R1.

339 4235 422 4276 XXIII.
463 4236 485 4283 a)
499 4235 555 4273 deest
569 4234 618 4276 122.

232 4340 258 4406 1)
281 4341 309 4393 V.
329 4357 415 4408 supra
433 4358 453 4397 c.
469 4343 510 4396 12.
