3000 4934
376 393 455 450 LEX
472 393 589 451 vlsle.
607 392 877 450 succussvmo.
912 393 949 462 V,
967 397 993 462 2,
1012 393 1038 450 5.
1051 397 1077 450 11.
1238 396 1290 450 147

170 580 248 643 dem
276 578 416 642 donatio
444 576 644 662 pertinebit.
692 576 729 641 si
757 580 874 640 autem
903 595 965 659 per
988 575 1199 640 adulterium
1229 595 1290 640 seu

169 688 230 751 per
252 667 472 731 inhonestam
495 665 773 731 coniunctionem
796 685 832 728 se
855 664 1032 729 miscuisse
1063 664 1288 741 convincitur,

169 755 336 839 quidquid
352 755 395 819 de
410 754 581 820 facultate
596 754 713 818 mariti
731 753 785 817 sui
800 748 938 817 fueratd
957 755 1152 830 consecuta,
1175 755 1291 816 totum

168 845 411 908 incunctanter
445 843 597 920 amittat,
634 845 670 908 01
704 842 749 906 ad
781 841 925 906 heredes
955 841 1131 906 donatoris
1159 840 1217 906 vel
1246 842 1290 905 ad

169 932 258 996 filios
280 931 454 1015 legitimos
476 933 680 996 revertatur.

381 1119 434 1176 VI.
466 1118 636 1175 FLAVIUS
655 1116 971 1173 OHINDASVINDUS
988 1116 1078 1176 REX.

170 1232 229 1296 De
251 1231 381 1297 rebus
403 1230 590 1295 traditis
612 1229 682 1296 vel
709 1250 785 1314 per
808 1231 1075 1314 scripturam
1103 1229 1290 1293 donatis.

275 1355 343 1420 Res
367 1355 525 1432 donatae,
550 1354 638 1417 siin
661 1354 857 1437 presentia⁸
880 1353 1024 1418 testium
1045 1353 1176 1417 tradite
1200 1349 1452 1445 eunti-cgpflm'·

169 1442 267 1507 nullo
290 1443 393 1507 modo
417 1445 623 1527 repetantur
645 1463 666 1506 a
689 1442 866 1507 donatore.
914 1440 1015 1521 Quod
1038 1442 1068 1505 si
1091 1442 1196 1507 etiam
1218 1462 1292 1526 pro·

170 1531 312 1610 venerit,
337 1524 403 1595 utl
423 1531 516 1614 quod
533 1532 703 1596 donaturc
724 1530 827 1615 longe
851 1531 896 1594 sit
919 1531 1071 1614 positum
1079 1529 1100 1608 1,
1125 1523 1210 1614 prod
1230 1530 1287 1594 111θ

171 1620 312 1684 donatio
336 1620 495 1686 evacuari
516 1640 587 1684 non
610 1619 748 1704 poterit,
773 1619 855 1703 quia
869 1622 955 1684 tunc
970 1619 1109 1684 videtur
1121 1639 1204 1684 vera
1219 1638 1292 1684 esse

169 1709 327 1786 11111110,
362 1709 501 1792 quando
535 1709 605 1772 iam
639 1710 724 1792 aput
753 1702 876 1771 illurn‘1
909 1707 1082 1791 scriptura
1116 1707 1293 1772 donatoris
1383 1758 1392 1782 ,Α

169 1798 327 1875 habetur,
362 1797 400 1860 in
430 1797 527 1862 cuius
561 1797 700 1862 nomine
731 1796 927 1881 conscripta
961 1796 1162 1861 dinoscitur.
1215 1795 1292 1860 Hoc
1346 1800 1348 1806 ’

169 1888 308 1949 tantum
330 1885 584 1951 observandum
607 1888 669 1963 est,
697 1888 738 1949 ut
762 1885 791 1949 si
815 1886 962 1950 donator
985 1885 1120 1961 dixerit,
1149 1904 1215 1949 nec
1239 1884 1293 1948 de·

170 1974 260 2038 disse
282 1993 347 2039 nec
371 1974 533 2040 direxisse
549 1966 803 2058 iscripturamf,
828 1974 888 2039 sed
904 1973 1079 2037 sublatam
1094 1972 1160 2037 sibi
1175 1972 1292 2048 fuisse,

170 2062 347 2140 1111101110,
372 2063 430 2126 cui
451 2082 506 2127 res
530 2063 657 2127 donate
681 2064 772 2138 sunt,
804 2081 865 2144 per
893 2063 1019 2125 testem
1043 2061 1226 2125 convincat
1250 2059 1292 2124 ab

171 2151 244 2234 ipso
275 2150 443 2214 donatore
473 2150 618 2215 eandem
648 2152 710 2213 aut
739 2150 906 2213 traditam
937 2148 1004 2213 sibi
1034 2151 1096 2213 aut
1127 2149 1294 2213 directam

170 2238 253 2303 velss
285 2258 327 2303 ex
357 2238 430 2302 eius
459 2237 641 2302 voluntate
675 2238 713 2300 in
743 2240 917 2320 potestate
951 2257 1014 2301 sua
1042 2236 1222 2314 redactass,
1259 2240 1294 2302 01

173 2327 256 2389 dum
278 2326 486 2410 probaberit,
511 2325 646 2407 stabilis
670 2326 851 2391 habeatur.
894 2324 995 2405 Quod
1018 2325 1048 2390 si
1070 2326 1216 2409 probare
1238 2345 1293 2390 ne·

138 2469 144 2482 .
172 2414 324 2492 clexerit,
355 2414 511 2480 invalida
537 2414 739 2493 remanebit,
772 2415 801 2478 si
829 2417 949 2480 11111011
978 2414 1039 2497 qui
1068 2414 1213 2480 donabit
1239 2435 1294 2479 vo·

171 2504 285 2568 luerit.
332 2503 421 2567 Illut
442 2523 525 2568 sane
541 2503 623 2567 addi
639 2503 781 2588 placuit,
806 2506 846 2567 ut
869 2504 899 2567 si
921 2503 1065 2587 quisque
1088 2503 1294 2587 scripturam

172 2593 214 2656 de
244 2590 314 2656 auis
344 2592 446 2657 rebus
476 2593 514 2655 in
542 2591 755 2676 quibuslibet
785 2593 939 2677 personis
970 2591 1127 2670 ediderit,
1159 2592 1188 2656 si
1218 2612 1294 2657 eam

169 2681 316 2746 vivendo
345 2680 409 2760 illi,
440 2681 478 2745 in
508 2681 605 2746 cuius
634 2680 774 2747 nomine
803 2673 971 2766 iscripta¹¹
999 2683 1061 2759 est,
1093 2702 1163 2745 non
1190 2681 1294 2745 tradi·

171 2770 270 2848 derit,
301 2769 493 2854 quamlibet
520 2769 652 2834 tradita
673 2771 822 2847 nonsit,
852 2773 971 2835 tamen
1001 2769 1083 2834 dum
1113 2773 1192 2853 post
1220 2770 1294 2834 eius

171 2858 304 2922 obitum
337 2861 500 2943 repperta
532 2858 655 2936 fuerit,
690 2857 752 2924 ille
786 2857 853 2923 sibi
888 2878 964 2923 eam
993 2858 1186 2923 vindicabit
1215 2879 1293 2923 cum

170 2947 328 3011 omnibus
351 2947 464 3024 rebus,
488 2967 556 3030 que
578 2946 628 3012 ibi
649 2948 841 3031 conscripta
865 2950 957 3025 sunt,
981 2947 1018 3010 in
1034 2947 1132 3011 cuius
1155 2947 1293 3011 nominc

171 3035 317 3098 donator
341 3055 417 3098 eam
439 3034 515 3099 fieri
529 3034 679 3100 voluisse
703 3035 933 3119 cognoscitur.
969 3033 1140 3114 Quoniam
1163 3036 1293 3098 iustum

171 3123 309 3185 omnino
329 3125 391 3200 est,
415 3125 457 3186 ut
479 3121 561 3186 talis
584 3123 756 3207 scriptura
776 3123 881 3188 robor
902 3122 1131 3207 plenitudinis
1154 3122 1291 3200 habeat,

171 3230 274 3293 quam
285 3211 403 3275 vivens
419 3210 567 3274 donator
581 3211 632 3275 ita
647 3203 830 3288 salvabit¹,
847 3213 888 3274 ut
902 3231 1120 3295 nequaquam
1134 3211 1294 3276 videatur

137 3356 144 3369 ,
171 3297 390 3381 aliquatenus
419 3299 603 3363 inmutata.
650 3297 752 3378 Quod
782 3300 812 3363 si
840 3300 964 3383 ipsum,
996 3299 1052 3363 cui
1081 3319 1136 3364 res
1167 3300 1293 3365 donate

169 3386 321 3465 fuerant,
349 3387 468 3452 fatalis
492 3407 590 3452 casus
613 3387 657 3453 ab
681 3389 747 3452 hac
769 3388 844 3452 vita
866 3387 1078 3465 subduxerit,
1107 3392 1294 3470 antequam

170 3495 243 3540 rem
266 3475 332 3539 sibi
355 3477 520 3541 donatam
540 3480 688 3559 caperet,
713 3477 758 3541 ad
781 3478 983 3542 donatorem
1002 3475 1058 3542 vel
1081 3478 1126 3540 ad
1149 3477 1293 3542 heredes

124 3579 127 3584 ’
170 3564 346 3629 donatoris
368 3585 423 3630 res
445 3565 522 3649 ipsa
543 3565 728 3649 pertineat.
764 3563 832 3644 Qui
846 3586 928 3631 vero
949 3565 1012 3630 sub
1033 3565 1099 3630 hac
1114 3565 1293 3631 occasione

170 3652 326 3738 largitur,
357 3656 398 3717 ut
422 3654 567 3719 eandem
589 3674 662 3719 rem
684 3653 768 3738 ipse,
800 3654 860 3738 qui
888 3654 1004 3732 donat,
1033 3653 1292 3720 usufructuario

275 3840 543 3947 llumffplelenupro
557 3909 579 3947 p.
594 3898 672 3942 111.
717 3898 811 3947 11111
824 3899 871 3940 111,
912 3895 1169 3947 1101111111.
1213 3894 1238 3944 1)
1251 3908 1293 3946 pro

170 3949 267 3989 -illum
281 3950 382 3993 1101111.
436 3952 502 3999 111111
516 3951 629 3995 111111.
682 3951 849 4002 oacripturam
863 3951 913 3994 112.
966 3954 989 4001 g)
1003 3949 1293 3994 101-101110111100.111,

170 4002 193 4051 11)
207 4004 292 4053 scripta
305 4004 326 4042 R
335 4003 355 4047 1.
409 4003 426 4052 1)
439 4003 538 4045 salvavit
551 4006 572 4044 R
581 4004 601 4048 2.

171 4144 197 4212 1)
215 4144 392 4209 011111.
407 4145 462 4199 Via
476 4145 504 4200 0.
518 4145 567 4200 Th.
585 4145 640 4212 III,
656 4148 680 4212 1,
693 4149 720 4202 4.
738 4147 874 4215 Interprs
892 4144 1088 4215 Quaecumque
1106 4161 1224 4214 persona
1243 4185 1291 4202 ...

170 4214 193 4267 si
210 4214 303 4268 villam
389 4214 545 4270 vendiderit
562 4218 591 4270 01
608 4215 723 4270 forsitan
740 4220 836 4287 postea
855 4223 994 4286 opponere
1012 4217 1086 4284 velit,
1109 4215 1183 4284 quod
1201 4215 1292 4269 minus

169 4285 251 4354 pretii
273 4287 418 4356 acceperit,
444 4303 528 4355 quam
550 4303 595 4341 res
617 4287 735 4356 valebat,
760 4288 825 4357 quia
847 4287 919 4342 forte
943 4304 1040 4358 agrum
1063 4304 1145 4355 quem
1167 4286 1294 4341 vendidit

169 4355 251 4426 longe
268 4356 373 4427 positus
391 4357 530 4429 ignorasse
549 4374 578 4413 se
597 4358 678 4428 dicat,
697 4375 754 4413 non
771 4358 833 4414 ideo
852 4358 974 4414 venditio
992 4358 1094 4428 poterit
1112 4357 1243 4413 revocari.

1026 4463 1077 4522 10*
