3000 4934
336 373 413 429 aar
432 373 547 432 vrsra.
566 374 836 434 successuro.
872 375 956 446 vm,
974 380 999 447 1,
1018 379 1096 434 a-v.
1227 381 1280 434 aar

156 563 267 634 rem³,
300 577 365 640 que
394 557 438 622 ab
462 557 530 621 alio
554 559 757 641 possidetur,
789 562 868 643 post
892 552 1042 624 nomenl
1069 560 1163 643 regie
1187 562 1279 643 potc-

157 646 257 709 statis
284 645 340 710 vel
371 646 587 710 dominorum
618 667 757 710 suorum
788 651 849 711 aut
879 667 977 710 suum
1009 668 1176 731 usurpare
1207 668 1278 731 pre-

156 738 270 798 sumat
290 737 371 798 ante
395 735 571 798 iudicium.
609 733 709 812 Quod
733 736 762 800 si
785 757 854 799 non
870 738 1052 819 expectata
1069 736 1279 801 discussione

155 823 200 895 id,
231 823 323 905 quod
351 822 394 886 ab
419 822 487 887 alio
511 823 705 906 possidetur
728 827 790 887 aut
813 824 897 887 iuris
921 824 1065 888 alterius
1089 843 1161 888 esse
1186 824 1279 889 dino-

155 912 271 987 scitur,
297 912 471 987 invaserit,
497 917 631 989 omn00,
662 912 755 994 quod
782 912 929 977 abstulit
951 912 1007 976 vel
1031 912 1278 995 presumtiosus

121 1055 128 1067 .
155 1000 291 1075 invasit,
323 1000 360 1062 in
388 999 533 1083 duplum
562 1000 594 1064 ei
620 1000 792 1077 restituat,
825 1001 867 1064 de
892 1001 989 1064 cuius
1012 999 1085 1064 iure
1109 1001 1201 1064 visus
1225 1004 1278 1064 est

156 1088 348 1163 abstulisse,
380 1089 445 1151 hac
476 1087 690 1171 singulorum
721 1109 889 1152 annorum
919 1089 1047 1172 fruges,
1081 1108 1165 1171 quas
1196 1089 1277 1154 inde

155 1176 305 1241 fideliter
335 1169 528 1259 colligisse‘1
561 1176 735 1253 iuraverit,
768 1176 911 1260 petitori
941 1176 1158 1260 conpellatur
1189 1177 1276 1241 exol-

152 1285 242 1328 vere.
279 1264 324 1328 Et
346 1267 474 1340 tamen,
500 1264 529 1327 si
552 1283 667 1328 servus
691 1264 819 1346 absque
844 1265 974 1328 domini
996 1264 1186 1329 volumtate
1210 1265 1275 1329 hoc

153 1352 290 1428 fecerit,
323 1362 366 1418 CO
394 1352 535 1435 insuper
566 1355 726 1416 extensus
756 1352 894 1436 publice
924 1351 1063 1435 flagella
1093 1352 1273 1436 suscipiat;

153 1440 204 1503 ita
221 1443 269 1517 ut,
296 1441 324 1503 si
348 1440 506 1504 dominus
530 1461 592 1523 pro
608 1440 658 1504 rei
674 1440 880 1524 duplacionc
896 1440 1048 1505 noluerit
1064 1440 1273 1517 satisfacere,

152 1549 234 1603 rem,
259 1548 325 1611 que
349 1529 467 1594 ablata
483 1532 544 1605 est,
569 1529 606 1591 in
630 1549 670 1593 eo
693 1528 821 1593 istatu⁰
843 1550 922 1593 cum
936 1528 1096 1612 frugibus
1111 1529 1275 1593 restituat

152 1619 189 1681 et
212 1618 359 1681 eundern
383 1638 519 1681 servum
541 1636 603 1700 pro
626 1617 713 1681 facti
735 1618 932 1682 temeritate
955 1617 1137 1682 insistente
1160 1617 1273 1682 iudice

152 1705 193 1782 ei,
220 1705 316 1768 cuius
339 1726 394 1770 res
416 1705 543 1769 invasit
565 1704 621 1769 vel
644 1705 799 1782 abstulit,
824 1705 1031 1770 serviturum
1046 1706 1183 1770 tradere
1203 1727 1273 1770 non

152 1793 306 1857 desistat.
343 1791 573 1858 Omnismodis
596 1796 713 1858 tamen
737 1794 804 1859 erit
827 1794 975 1858 sollicite
994 1793 1271 1877 perquirendum,

150 1901 194 1945 ne
218 1882 373 1963 qualibet
396 1882 555 1947 suasione
577 1881 632 1945 vel
655 1882 789 1945 fraudis
813 1882 958 1946 alicuius
983 1884 1165 1946 conmento
1181 1882 1272 1946 idem

150 1990 267 2033 servus
298 1991 376 2034 cum
406 1970 500 2033 illius
531 1969 662 2033 domini
689 1970 880 2034 volumtate
910 1971 975 2033 hoc
1006 1969 1143 2045 fecerit,
1175 1969 1272 2033 cuius

149 2078 222 2120 rem
253 2058 370 2122 ablata
400 2078 472 2122 esse
503 2057 714 2133 constiterit;
747 2060 783 2121 et
806 2059 835 2120 si
858 2058 909 2120 ita
931 2059 1130 2140 reppertum
1154 2056 1269 2132 fuerit,

149 2145 247 2208 iuxta
271 2144 373 2208 aliam
398 2143 532 2228 legem¹
555 2144 723 2220 dominus,
752 2144 812 2226 qui
835 2144 943 2209 suasit
965 2144 1021 2209 vel
1045 2144 1174 2208 malum
1197 2145 1272 2210 fieri

149 2232 391 2296 fraudulenter
407 2231 572 2316 permisit,
590 2235 759 2314 quantum
775 2252 892 2297 servus
907 2232 1047 2310 tulerat,
1072 2232 1271 2317 septuplum

151 2320 310 2384 dominus
343 2320 393 2385 rei
429 2320 567 2384 domino
598 2320 687 2385 servi
716 2320 903 2405 persolvat,
936 2324 972 2384 et
1002 2341 1137 2386 servum
1170 2341 1270 2385 suum

151 2409 308 2472 dominus
333 2408 406 2473 eius
429 2429 568 2474 securus
591 2409 775 2494 possideat.

559 2542 610 2601 v1.
641 2542 854 2614 surrecta.

192 2638 235 2702 si
264 2640 315 2703 ad
343 2639 642 2723 diripiendum
671 2639 856 2722 quisque
887 2639 999 2703 alios
1030 2638 1223 2703 invitare

555 2727 848 2810 repperiatur.

253 2832 290 2896 si
314 2834 390 2916 quis
417 2834 461 2897 ad
486 2833 718 2917 diripiendum
741 2832 827 2897 alios
850 2832 1058 2909 invitaverit,
1082 2835 1132 2909 ut,
1158 2832 1266 2896 cuius-

146 2941 292 3003 cumque
314 2942 386 2984 rem
407 2924 541 2984 evertat
564 2923 625 2984 aut
648 2940 773 3003 pecora
794 2920 850 2985 vel
874 2919 1038 2984 animalia
1053 2940 1266 3002 quecumque

146 3009 298 3091 diripiat,
329 3008 392 3085 illi,
422 3008 519 3072 cuius
546 3028 601 3072 res
625 3008 761 3092 direpta
784 3011 845 3085 est,
877 3009 914 3071 in
937 3007 1171 3091 undecuplum
1199 3029 1265 3091 que

146 3099 227 3158 sunt
250 3095 389 3159 sublata
410 3096 583 3160 restituat.
630 3094 692 3158 Hii
714 3116 805 3172 vero,
836 3097 896 3178 qui
924 3116 1001 3159 cum
1025 3096 1098 3178 ipso
1121 3095 1263 3174 fuerint,

146 3183 174 3247 si
197 3183 339 3265 ingenui
363 3176 482 3260 sunub,
507 3184 628 3266 quinos
646 3183 773 3248 solidos
797 3204 988 3267 conponere
1013 3183 1263 3266 conpellantur,

145 3274 206 3334 aut
229 3272 257 3334 si
280 3292 350 3335 non
373 3271 568 3348 habuerint,
593 3272 684 3335 unde
709 3274 914 3355 conponant,
943 3271 1185 3355 quinquagena
1208 3271 1264 3335 fla·

144 3359 237 3442 gella
260 3359 459 3443 suscipiant.
506 3359 646 3424 sivero
675 3360 764 3423 servi
792 3360 858 3425 hoc
885 3360 959 3424 sine
983 3359 1114 3423 domini
1136 3359 1263 3423 volum·

142 3450 216 3512 tate
247 3448 477 3524 conmiserint,
510 3449 664 3513 centenis
694 3448 944 3532 quinquagenis
973 3447 1120 3531 flagellis
1149 3448 1263 3513 verbe·

142 3540 272 3612 rentur,
297 3539 333 3601 et
357 3536 399 3600 ab
424 3537 473 3601 eis
495 3556 549 3601 res
573 3537 683 3600 omnis
706 3537 743 3600 in
765 3537 893 3600 istatu⁰
921 3536 1097 3602 reddatur.

543 3670 609 3728 vn.
640 3671 854 3742 nunquan.

142 3766 199 3830 Ne
223 3766 404 3831 absente
427 3767 599 3831 domino
622 3767 686 3832 vel
709 3767 751 3830 in
775 3767 1058 3851 expeditione
1082 3765 1262 3850 publica

179 3855 428 3918 constituto
452 3849 730 3938 cuiusquamb
760 3856 907 3920 domus
933 3854 1222 3938 inquietetur.

247 3960 374 4023 Nullus
391 3961 529 4024 domum
546 3962 716 4045 inquietet
733 3961 884 4026 absentis
908 3981 971 4026 nec
990 3961 1025 4023 in
1043 3960 1260 4044 expeditione

248 4114 273 4155 V.
301 4113 422 4160 arcum.
456 4113 633 4162 b)nomlncR1.
668 4116 840 4163 c)omncle.
875 4111 898 4162 d)
908 4114 1078 4164 collecturam.
1113 4113 1260 4161 emtum.

248 4167 285 4208 Vl.
327 4166 481 4212 ndum&
534 4167 677 4259 bgrlntRl.
732 4168 891 4215 antetulit.
971 4232 976 4242 1

248 4220 297 4262 vu.
338 4221 360 4265 a)
374 4220 430 4258 decer
445 4220 465 4258 R
474 4221 492 4262 ἵ.
562 4222 616 4268 μία
630 4221 651 4259 E
660 4222 678 4263 1.
688 4220 711 4271 83
728 4221 911 4269 cuiuscumquam
926 4221 976 4271 Rl,
992 4219 1152 4267 culuscunque
1167 4218 1187 4256 R
1196 4218 1216 4260 2.

141 4329 166 4389 l)
184 4326 274 4392 Supra
294 4326 355 4391 VII,
375 4328 401 4391 2,
416 4328 441 4390 6,
459 4343 486 4393 p.
504 4327 564 4381 208.
