3000 4934
641 380 871 438 PRAEFATIO.
1261 381 1307 440 IX

185 566 324 633 tionibus
339 564 510 650 praefinio.
558 563 693 648 Siqnnm
717 561 938 646 quaternionis
962 562 1007 628 X.
1031 562 1158 645 antiqui
1180 563 1306 646 codicia,

186 657 270 738 quod
291 653 406 738 leqitur
427 653 521 734 infra
536 651 573 719 in
587 651 733 735 marqine
742 651 887 735 paqiuae
903 657 955 732 84,
973 653 1092 734 probat
1114 651 1197 718 lanc
1213 651 1307 735 paqi-

186 764 263 810 nam
284 742 385 824 fniece
401 742 561 826 paqinam
585 747 660 806 160.
684 739 810 822 antiqui
833 739 958 806 cadicio.
1009 739 1236 822 quaternionis
1260 740 1306 806 X.

185 832 268 914 solia
298 836 364 897 octo
392 831 441 897 oel
469 851 578 897 eorum
604 830 788 912 sraqrmnta
810 834 936 894 servata
958 835 1041 910 cunt,
1071 828 1196 911 reliqua
1224 828 1307 910 solra

185 920 323 1004 quinque
345 922 391 985 ad
411 918 650 1001 quaternionem
670 917 737 983 XL
755 916 928 1000 pertinent.
976 918 1128 984 Sanctae
1149 923 1224 982 cunt
1246 938 1308 983 om·

186 1009 265 1075 nino
294 1007 420 1091 antiqui
449 1006 566 1074 cadicio
588 1006 732 1090 paqinae
758 1011 949 1070 145-160.
976 1010 1167 1071 163-172.
1218 1006 1309 1089 Quod

186 1099 231 1163 ad
262 1096 465 1179 ainqularum
492 1095 692 1180 paqinarum
723 1093 867 1161 ordinem
896 1093 1021 1175 attinet,
1057 1099 1163 1160 noster
1192 1095 1232 1159 ab
1261 1115 1306 1175 eo,

186 1205 277 1268 quem
295 1187 355 1251 Fr.
372 1185 511 1251 Blulune
533 1183 680 1266 inotituit,
705 1204 740 1249 eo
756 1190 879 1248 tantum
895 1182 1012 1265 differt,
1036 1184 1120 1264 quod
1141 1204 1199 1248 nos
1215 1182 1307 1266 paqi·

187 1296 264 1340 nam
290 1279 364 1339 144.
400 1272 516 1339 cadicio
550 1271 624 1338 nooi
640 1271 801 1355 paqiuam
826 1277 899 1336 163.
930 1270 1057 1353 antiqui
1080 1270 1205 1353 coena,
1233 1277 1306 1336 143.

187 1368 291 1428 autem
316 1367 389 1426 164.
413 1361 570 1442 formaoee
593 1359 827 1441 mictimamnc;
849 1359 987 1425 Blatome
1009 1365 1115 1424 antem
1139 1365 1212 1424 144.
1234 1365 1310 1442 poet

190 1455 264 1515 143.
281 1449 400 1532 poenit.
440 1448 714 1531 Ooorprelenduut
734 1448 918 1531 sraqmenta
933 1454 1061 1530 partem
1076 1446 1192 1514 codicia
1207 1449 1309 1531 lequm

187 1538 262 1604 inde
285 1540 325 1604 ab
348 1537 449 1621 eapite
472 1543 548 1602 276.
577 1557 675 1619 noque
704 1538 749 1602 ad
775 1542 870 1618 caput
891 1541 967 1600 336.
1013 1535 1186 1602 Praeterea
1207 1542 1310 1602 teutuo

187 1627 224 1693 iu
246 1625 362 1709 titulae,
386 1625 442 1709 qui
464 1645 530 1692 non
552 1625 712 1691 numerati
733 1631 817 1707 eunt,
841 1624 964 1690 dianna
985 1630 1040 1707 eet,
1070 1645 1204 1707 qnorum
1226 1624 1309 1708 quio·

187 1735 246 1798 qne
269 1715 430 1798 conplura
453 1713 560 1797 capita
578 1712 819 1797 conprehendit.
858 1712 971 1778 Trium
985 1712 1148 1779 titulorum
1162 1713 1310 1781 rubricae

186 1809 329 1870 nauatae
350 1809 435 1886 cant,
459 1803 501 1883 cf.
524 1803 619 1884 infra
634 1824 671 1885 p.
689 1808 719 1866 4.
737 1809 766 1867 7.
786 1807 845 1884 14;
867 1801 1005 1886 quinque
1027 1808 1132 1868 autem
1146 1802 1310 1868 titulorum

188 1898 267 1959 certe
289 1899 415 1958 eaotant
437 1892 639 1975 fraqmenta;
663 1891 705 1972 as.
723 1913 760 1974 p.
780 1897 831 1955 11.

294 1981 416 2047 Eodem
439 1982 541 2064 leqnm
563 2000 700 2063 corpore,
729 1981 774 2045 ad
799 1981 884 2061 qaod
909 1979 986 2045 baec
1011 1979 1195 2061 fraqnnnta
1211 1979 1310 2062 perti·

188 2075 272 2148 nent,
296 2069 349 2135 mi
367 2075 442 2136 cunt
457 2069 553 2135 etiam
568 2075 711 2134 auctores
726 2067 823 2151 Leqia
837 2066 1093 2132 Baiuoariorum
1100 2089 1112 2149 ;
1134 2089 1211 2132 nam
1227 2070 1311 2148 quod

187 2157 366 2241 oncpiontuc
387 2163 433 2223 eat
455 2157 492 2224 J.
511 2156 638 2237 Fictor,
661 2154 865 2238 ‘Erbensolqe
888 2157 944 2220 der
966 2160 1155 2238 ootqerman.
1178 2155 1308 2222 Recbte'

189 2247 220 2328 I,
238 2268 271 2328 p.
292 2250 358 2310 434
373 2265 451 2328 sqq„
474 2245 511 2310 in
533 2245 618 2328 Leqe
632 2242 888 2309 Baiuoariorum
911 2245 1075 2309 condenda
1097 2243 1309 2327 antiquiorem

189 2334 352 2416 quandam
374 2333 522 2415 fmmam,
546 2353 643 2415 quam
664 2332 847 2415 fraqnunta
862 2334 1027 2415 praebent,
1051 2331 1229 2399 adhibitam
1244 2354 1310 2400 ecoe

188 2421 296 2487 minuc
326 2421 493 2505 probabile
526 2419 659 2488 uidetur.
712 2419 876 2486 Baiuoari
913 2420 1148 2487 constitutiones
1183 2420 1310 2488 Codicm

187 2508 304 2577 Eurici
326 2509 411 2576 aliae
433 2511 479 2576 ad
494 2512 590 2576 acrba
612 2509 855 2594 eunompeerunt
879 2508 964 2575 aliae
980 2510 1058 2592 pluo
1079 2509 1222 2576 minucie
1244 2532 1309 2576 mu·

187 2605 271 2665 tatao
293 2604 485 2683 receperunt.

257 2688 259 2693 ’
294 2687 468 2771 Pleraeque
489 2687 743 2770 fraqmentornm
764 2688 846 2770 loqec
867 2686 964 2752 etiam
985 2685 1022 2752 in
1038 2687 1123 2770 Leqe
1137 2686 1309 2771 Vuiqotlco

187 2798 260 2842 rum
289 2777 329 2842 ab
352 2775 580 2844 minumum
602 2775 689 2842 edita
717 2777 774 2842 cub
801 2775 932 2842 rubrica
962 2773 1128 2858 ‘Antiqua'
1152 2775 1308 2859 loquatur.

189 2865 299 2946 Neque
321 2886 393 2931 oero
417 2886 524 2931 omneo
547 2862 718 2947 ‘antiquae’
742 2864 823 2948 leqec
845 2863 891 2930 ibi
913 2885 953 2930 ea
968 2863 1085 2931 Eurici
1104 2863 1217 2932 Codice
1233 2886 1309 2948 pro

187 2953 327 3036 ueniunt,
358 2974 456 3037 neque
485 2974 592 3020 amaea
613 2952 730 3020 Emici
759 2954 840 3036 leqeo
866 2952 912 3017 ibi
934 2959 1074 3037 receptae
1096 2959 1179 3036 aaut,
1211 2974 1310 3036 neque

188 3041 284 3106 etiam
313 3063 376 3125 eae,
407 3063 488 3126 quae
517 3042 593 3108 inde
622 3048 763 3124 sumptae
792 3048 876 3123 cunt,
907 3043 952 3107 ad
979 3043 1076 3107 cerba
1096 3062 1218 3125 comper
1240 3063 1310 3108 cnm

188 3129 378 3211 fraqncentio
393 3129 599 3230 concamium&
613 3131 670 3195 red
682 3134 881 3212 retractatae,
894 3132 1085 3213 emundatae,
1101 3129 1311 3213 interpolatae

189 3224 670 3404 munilib‘irinioiiiiaeiiiudiiain
692 3304 936 3387 Viciqolborum,
966 3306 1012 3370 ad
1036 3325 1132 3388 quam
1149 3305 1312 3389 pertinent

190 3399 219 3460 et
240 3393 424 3476 fraqmenta
446 3399 476 3459 et
498 3392 692 3476 Viciqotbcea
714 3392 812 3476 Leqio
833 3392 1097 3476 Baiuoariorum,
1129 3393 1311 3476 autquasi-

189 3503 275 3548 mcm
289 3503 364 3565 erne,
388 3502 485 3565 quam
499 3482 658 3563 labarum
682 3481 767 3547 inter
781 3502 889 3548 omneo
902 3483 972 3564 sere
994 3487 1138 3549 constare
1157 3482 1310 3550 oidetnr1.

189 3569 394 3637 Ducentinnt
416 3577 521 3637 autem
542 3570 608 3637 oiri
630 3569 713 3637 docti
736 3573 773 3637 de
796 3577 923 3638 anctore
945 3571 1041 3637 luiuo
1056 3572 1189 3655 formae,
1214 3571 1311 3655 eqni·

190 3662 248 3726 buc
269 3659 316 3726 eio
337 3659 504 3743 decentior,
535 3659 591 3742 qui
619 3680 690 3727 eam
712 3659 835 3727 Eurico
862 3660 931 3745 reqi
959 3656 1007 3740 (a.
1032 3662 1225 3746 466-485)
1256 3660 1311 3727 tri·

190 3749 455 3904 buuntmcum
470 3835 555 3903 enim
569 3836 713 3920 primum
729 3837 938 3921 loqiclatorem
957 3796 1192 3921 Viciqotbornm
1210 3838 1313 3920 saitae

190 3931 294 3991 ncouet
323 3924 473 3992 Iridorno
502 3925 709 4009 Hiopabncic
738 3926 775 3992 in
797 3925 949 3992 Historia
978 3928 1016 3992 dc
1045 3927 1171 4010 reqibuo
1198 3927 1311 3993 (tollo

190 4035 272 4096 rum,
307 4035 375 4097 cap.
404 4020 462 4081 35:
499 4015 571 4082 Sub
606 4016 672 4082 hoo
706 4036 787 4101 rege
817 4015 927 4082 Gothi
960 4015 1077 4101 legum
1111 4019 1246 4082 statuta
1275 4018 1312 4082 in

191 4103 328 4188 scriptio
366 4104 496 4170 habore
533 4108 739 4188 coepemnt3
781 4125 862 4169 nom
899 4108 1003 4171 antea
1037 4108 1178 4170 tantum
1214 4107 1310 4172 mori·

192 4313 218 4379 1)
235 4312 353 4381 ocupa
370 4328 404 4368 oc.
424 4313 547 4380 Anqneto
566 4313 715 4380 aarum,
734 4314 784 4381 qul
798 4314 920 4382 capitula
939 4313 974 4367 ab
991 4329 1019 4368 oo
1036 4320 1152 4384 ripato,
1173 4315 1209 4380 cs.
1229 4315 1310 4380 lutra

187 4398 218 4450 p.
236 4385 289 4439 317
302 4399 367 4452 cqq„
385 4385 553 4452 antiquiora
570 4385 714 4439 antalam
