3000 4934
241 367 292 420 138
400 361 477 417 LEX
495 359 612 418 VISIG.
630 358 899 416 Raocassvmo.
936 359 1051 429 1111‚4,
1070 365 1101 426 33
1125 363 1193 427 5,1.

647 536 703 593 111.
733 535 949 605 Aramum.

240 650 320 729 Qui
355 670 376 714 a
409 648 670 734 parentibus
709 647 985 711 infantulum
1024 649 1250 733 acceperit
1288 672 1360 713 nu-

238 739 477 815 triendum,
512 741 722 821 quantum
756 736 969 800 mercedis
1001 758 1077 860 pro
1108 737 1360 803 nutritione

560 826 754 909 accipiat
784 826 992 908 premium
1024 871 1031 886 .

347 932 383 995 si
406 933 482 1014 quis
506 952 527 995 a
549 930 750 1015 parentibus
774 931 1181 1014 acceperitiniantulum
1208 933 1360 996 nutrien-

240 1021 332 1096 dum,
353 1040 461 1102 usque
482 1020 527 1084 ad
548 1021 666 1083 decem
682 1039 790 1083 annos
813 1038 874 1102 per
897 1019 1050 1102 singulos
1073 1040 1181 1084 annos
1205 1020 1359 1104 singulos

240 1107 366 1171 solidos
390 1108 493 1192 pretii
516 1129 577 1192 pro
596 1108 729 1170 nutrito
745 1107 881 1171 infante
899 1108 1077 1191 percipiat.
1124 1107 1161 1171 Si
1176 1129 1256 1173 vero
1273 1110 1360 1173 deci·

239 1217 334 1258 mum
358 1216 486 1260 annum
510 1196 613 1260 etatis
637 1196 827 1271 excesserit,
859 1195 948 1258 nihil
971 1199 1091 1279 postea
1114 1198 1281 1261 mercedis
1305 1198 1360 1261 ad-

241 1286 358 1361 datur;
389 1285 469 1368 quia
496 1285 578 1369 ipse,
609 1285 667 1367 qui
692 1284 845 1347 nutritus
869 1287 931 1360 est,
960 1285 1154 1349 mercedem
1177 1305 1274 1348 suam
1298 1306 1359 1349 suo

240 1376 354 1457 potest
382 1393 590 1457 conpensare
619 1372 767 1437 servitio.
815 1371 915 1450 Quod
939 1373 967 1435 si
991 1373 1080 1436 hanc
1105 1394 1274 1436 summam
1301 1375 1360 1455 qni

239 1461 366 1545 repetit
389 1463 471 1526 dare
494 1461 655 1538 noluerit,
684 1461 894 1545 mancipium
917 1461 954 1523 in
977 1461 1163 1525 nutrientis
1187 1465 1360 1545 potestate

240 1553 451 1633 permaneat.

347 1813 388 1877 v.
404 1812 618 1877 crannus:
654 1813 717 1876 on
741 1799 1078 1878 sarcasmus
1097 1812 1249 1879 Bonis.

335 1936 364 2000 Ι.
399 1937 453 2001 De
487 1958 557 2000 non
592 1937 840 2001 exheredandis
875 1937 969 2013 filiis;
1007 1941 1042 2001 et
1072 1938 1164 2019 quod
1193 1938 1361 2002 iudicium

400 2026 516 2091 ferant
539 2029 699 2110 parentes
723 2027 766 2089 de
789 2025 1017 2089 facultatibus
1042 2027 1121 2090 suis.
1355 2042 1357 2048 ·

313 2115 364 2177 H.
400 2115 453 2179 De
483 2115 617 2197 quodaa
644 2118 742 2198 parte
772 2115 876 2178 liceat
905 2113 1106 2178 mulieribus
1136 2115 1289 2178 iudicare
1318 2115 1360 2179 de

402 2203 540 2267 dotibus
564 2204 643 2266 suis.

295 2291 365 2353 ΠΙ.
401 2291 454 2355 De
482 2292 545 2367 his,
575 2311 640 2373 que
668 2295 828 2374 parentes
857 2295 1012 2375 tempore
1037 2292 1239 2375 nuptiarum
1263 2292 1361 2355 dede·

400 2379 481 2441 rint.

275 2466 363 2530 IIII.
399 2467 452 2531 De
475 2467 556 2530 filiis
580 2467 622 2530 de
646 2467 788 2530 diversis
804 2467 1004 2550 parentibus
1020 2468 1121 2544 natis,
1147 2471 1182 2532 et
1205 2489 1274 2550 qua
1296 2469 1360 2532 dis-

401 2555 552 2618 cretione
576 2559 757 2639 parentum
782 2556 1016 2637 adsequantur
1038 2556 1277 2620 hereditatem.

322 2643 363 2705 V.
400 2643 452 2706 De
481 2644 543 2718 his,
572 2664 639 2725 que
662 2642 726 2706 filii
750 2648 849 2728 patre
871 2644 1009 2709 vivente
1032 2644 1088 2709 vel
1111 2648 1221 2709 matre
1244 2645 1359 2710 viden-

399 2735 458 2794 tur
481 2732 671 2814 adquirere.

466 2901 490 2958 I.
521 2901 689 2957 FLAVIUS
708 2901 1022 2958 OHINDASVINDUS
1041 2903 1129 2960 REX.

241 3014 301 3103 De
325 3035 409 3078 non
433 3014 753 3079 exheredandis
777 3014 911 3091 filiis3
942 3019 985 3078 et
1012 3017 1124 3097 quod
1147 3016 1362 3080 iudicium

347 3103 497 3167 ferant
520 3107 727 3187 parentes
755 3104 804 3167 de
828 3103 1130 3168 facultatibus
1153 3105 1256 3168 suis.

276 3230 278 3234 ’
348 3209 442 3272 Dum
464 3209 600 3273 inlicita
622 3228 756 3292 queque
772 3210 963 3294 perpetrari
980 3211 1225 3292 cognoscimus,
1249 3209 1362 3293 legem

240 3316 367 3382 ponere
397 3299 566 3362 secuturis
594 3302 763 3383 oportune
791 3297 1028 3382 conpellimur.
1073 3298 1234 3381 Plerique
1258 3299 1360 3371 enim

240 3386 425 3451 indiscrete
440 3387 595 3452 viventes
619 3407 766 3469 suasque
786 3386 973 3451 facultates
996 3387 1171 3451 interdum
1186 3386 1243 3451 vel
1259 3407 1363 3450 causa

241 3475 375 3539 luxurie
394 3475 450 3540 vel
474 3475 653 3540 cuiusdam
674 3474 764 3538 male
785 3474 986 3538 volumtatis
1009 3477 1045 3537 in
1069 3496 1231 3559 personas
1255 3478 1362 3539 extra·

241 3582 322 3627 neas
351 3563 611 3638 transferentes,
642 3563 694 3626 ita
722 3563 909 3627 inoffensos
937 3562 1026 3627 filios
1049 3563 1105 3628 vel
1130 3567 1273 3648 nepotes
1301 3567 1363 3628 aut

240 3671 311 3714 non
334 3652 428 3733 gravi
448 3651 551 3735 culpa
566 3651 713 3714 forsitan
730 3650 895 3715 obnoxios
917 3651 1037 3716 inanes
1060 3652 1272 3735 relinquunt,
1297 3655 1358 3714 utl

241 3737 479 3802 hutilitatibus
518 3737 666 3823 publicis
699 3738 789 3801 nihil
823 3740 956 3823 possint
991 3741 1130 3804 omnino
1165 3733 1361 3825 prodesseh,

241 3846 325 3910 quos
355 3829 558 3910 oportuerat
588 3846 666 3889 cunr
696 3827 826 3892 virtute
857 3831 1042 3912 parentum
1070 3829 1267 3893 iniunctum
1297 3827 1362 3892 sibi

240 3914 393 3979 laborem
415 3914 699 3980 inexcusabiliter
722 3916 891 4000 expedire.
938 3916 1007 3980 Sed
1030 3936 1073 3981 ne
1097 3917 1159 3981 sub
1184 3921 1244 3981 acc
1269 3937 1363 3981 occa-

241 4003 335 4067 sione
366 3998 452 4067 aut‘l
480 4003 653 4066 hutilitati
680 4003 817 4088 publice
846 4005 1052 4087 quandoque
1081 4006 1243 4089 depereat
1271 4007 1363 4088 quod

348 4175 390 4218 ΙΙΙ.
430 4177 452 4224 a)
466 4176 523 4215 deest
537 4175 585 4218 ΒΞ.
639 4176 662 4224 b)
677 4176 774 4227 pretium
789 4176 836 4219 131.
1094 4209 1096 4214 .

347 4229 405 4272 ΤΙΤ,
415 4229 441 4271 V.
481 4231 504 4277 a)
518 4229 550 4267 ilo
565 4229 602 4267 121
618 4232 638 4268 ct
651 4230 715 4278 infra
728 4230 752 4267 ln
765 4229 855 4268 rubrica
869 4230 913 4278 ipsi
926 4230 968 4278 leui
977 4230 1103 4279 praemissa
1117 4230 1171 4280 E1;
1186 4235 1256 4278 quota
1270 4230 1319 4272 1³2.

241 4280 308 4383 dm
323 4282 368 4378 nl.
407 4283 430 4330 a)
444 4288 477 4331 ut,
496 4282 553 4332 quod
568 4281 619 4324 add.
633 4283 683 4332 Μ,
702 4283 881 4326 deosrRl.E1.
934 4284 958 4332 b)
972 4281 1094 4332 prodestis
1107 4284 1154 4325 121.
1209 4286 1230 4332 c)
1244 4284 1300 4358 dccet
1315 4282 1363 4325 Bt.
