3000 4934
363 401 442 456 LEX
459 399 575 455 VISIG.
594 398 865 455 REOGESSVIND.
902 399 953 466 VI,
972 402 997 466 5,
1015 403 1057 457 la.
1219 400 1270 456 19⁷

150 585 294 649 ancillas
322 586 512 650 occisorum
541 583 700 647 dominus
729 584 772 647 de
800 582 970 647 facultate
998 581 1169 646 homicide
1195 601 1271 644 con·

149 677 329 739 secuturus
368 677 435 751 est,
474 672 648 736 homicida
683 675 801 735 tamen
836 671 1025 736 secundum
1061 669 1271 753 superiorem

149 763 330 827 hordinem
365 763 525 847 perennis
556 760 650 824 exilii
681 781 806 844 penam
840 760 1080 823 indubitanter
1111 758 1270 841 excipiat.

148 851 238 914 Nam
273 852 302 914 si
337 851 495 915 dominus
533 850 680 913 fortasse
714 847 770 912 vel
806 849 945 912 domina
982 849 1020 911 in
1055 846 1182 910 aneilla
1215 846 1271 910 vel

148 960 254 1017 servo,
284 943 357 1003 tam
387 939 524 1024 proprio
552 959 655 1021 quam
684 940 881 1014 extrane00,
910 937 966 1001 vel
993 936 1195 1001 incitatione
1223 934 1271 997 in·

147 1030 235 1093 iurie
263 1029 318 1093 vel
345 1029 398 1090 ira
426 1029 630 1103 commotus,
663 1026 745 1089 dum
774 1026 992 1109 disciplinam
1018 1025 1161 1107 ingerit,
1191 1043 1270 1105 quo·

148 1139 293 1200 cumque
317 1117 416 1180 hictu
439 1116 662 1199 percutiensp
690 1115 915 1178 homicidium
938 1113 1205 1198 penetraverit‘l,
1236 1114 1271 1176 et

147 1206 203 1269 vel
226 1205 374 1268 testibus
398 1204 543 1288 probare
567 1203 721 1286 potuerit
736 1202 791 1266 vel
808 1206 900 1267 certe
919 1205 1153 1266 sacramentor
1174 1220 1270 1263 suam

149 1294 395 1357 conscientiam
411 1291 609 1375 expiaverit,
634 1290 785 1354 nolendo
806 1290 933 1355 talem⁸
955 1290 1179 1354 homicidium
1196 1310 1271 1352 eon-

149 1381 294 1457 misisse,
327 1382 370 1444 ad
402 1380 504 1443 huius
535 1380 621 1461 legis
652 1379 860 1442 sententiam
889 1379 1002 1443 teneri
1031 1399 1101 1441 non
1131 1378 1270 1461 poterit.

149 1469 395 1533 Verumtamen
423 1470 452 1533 si
480 1468 568 1532 servi
595 1468 652 1532 vel
675 1467 800 1531 ancille
830 1467 1093 1532 instituentibus
1116 1467 1172 1530 vel
1196 1487 1271 1530 con-

149 1559 378 1622 sentientibus
402 1556 548 1621 dominis
571 1557 608 1619 in
635 1556 806 1620 conservis
829 1556 899 1619 suis
921 1556 977 1620 vel
999 1556 1270 1638 quibuscumque

148 1648 301 1730 personis
330 1646 555 1710 homicidium
582 1645 866 1729 perpetraverint,
900 1648 936 1709 et
966 1665 1027 1728 per
1057 1644 1271 1708 exactionem

147 1737 398 1799 tormentorum
418 1734 555 1798 eosdem
572 1735 727 1798 dominos
751 1754 830 1797 suos
852 1734 940 1797 talia
963 1733 1028 1797 sibi
1051 1733 1270 1797 constituisse

146 1825 356 1900 taxaverint,
388 1824 477 1888 servi
507 1823 646 1906 quidem
675 1822 731 1887 vel
762 1822 888 1886 ancille
917 1822 1004 1886 talia
1032 1824 1270 1905 perpetrantes

148 1913 301 1976 centenis
331 1912 479 1996 flagellis
509 1911 646 1995 publice
677 1911 882 1975 verberandi
912 1913 994 1973 sunt
1026 1911 1091 1973 hac
1121 1909 1271 1992 turpiter

113 2055 119 2067 .
148 2001 367 2076 decalvandi3
399 2021 518 2065 eorum
540 2020 620 2064 vero
645 2000 775 2063 domini
803 1999 970 2082 superiori
993 2001 1074 2061 sunt
1098 1998 1271 2061 sententia

146 2090 305 2154 feriendi.
357 2088 578 2171 Quecumque
614 2091 731 2152 autem
765 2107 911 2170 persona
944 2087 1096 2169 ingenua
1131 2088 1270 2169 propter

146 2178 235 2240 furti
257 2178 483 2261 rapacitatem
512 2177 550 2238 in
573 2176 696 2240 itinere
719 2176 775 2239 vel
798 2176 835 2238 in
859 2175 960 2238 domo
983 2174 1134 2258 positum
1157 2194 1270 2256 quem·

148 2287 251 2349 quam
280 2267 447 2329 insidians
477 2265 641 2328 occidisse
677 2264 861 2347 detegitur,
897 2263 1071 2327 homicida
1105 2263 1269 2327 continuo

148 2376 210 2438 pro
234 2355 420 2418 homicidio
448 2353 629 2438 puniatur;
659 2349 713 2417 ett
743 2353 905 2435 quoniam
930 2351 1073 2416 consilio
1097 2352 1266 2435 quisqueu

148 2443 204 2507 vel
233 2445 329 2507 iussu
359 2443 583 2507 homicidium
612 2442 811 2506 faciendum
844 2441 1005 2505 insistens
1035 2441 1155 2504 noxior
1184 2441 1269 2503 iudi·

149 2533 277 2596 candus
304 2536 356 2596 est
379 2553 483 2614 quam
505 2531 575 2607 ille,
600 2531 660 2613 qui
683 2530 908 2594 homicidium
928 2550 1030 2613 opere
1047 2530 1267 2614 perpetravit,

147 2621 183 2684 id
207 2620 403 2705 specialiter
426 2621 708 2685 constituendum
731 2620 894 2703 oportuit,
923 2622 964 2682 ut
993 2622 1137 2701 excepta
1167 2638 1269 2682 causa
1345 2675 1348 2679 ,

148 2730 331 2786 servorum,
357 2710 399 2774 de
423 2710 548 2791 quibus
572 2729 675 2793 supra
693 2711 852 2772 taxatum
871 2709 932 2782 est,
957 2708 986 2770 si
1008 2708 1198 2789 ingenuum
1214 2707 1269 2772 vel

147 2800 334 2880 ingenuam
362 2819 423 2882 per
447 2818 582 2862 servum
606 2800 692 2862 autv
720 2797 882 2861 ancillam
906 2796 1064 2859 dominus
1089 2796 1268 2860 dominave

148 2887 399 2950 hoccidendum
430 2887 634 2971 preceperit,
671 2888 706 2949 et
741 2906 802 2969 per
832 2885 975 2949 arduam
1005 2888 1090 2968 aput
1119 2885 1269 2948 iudicem

147 2974 390 3058 publicamque
413 2977 664 3038 tormentorum
681 2974 926 3037 discussionem
948 2973 1035 3036 talia
1058 2973 1101 3036 de
1122 2972 1269 3035 dominis

115 3116 120 3128 .
148 3064 280 3126 fuerint
295 3062 479 3126 manifeste
497 3062 653 3136 confessi,
678 3082 795 3126 servus
811 3061 932 3145 procul
948 3061 1054 3124 dubio
1070 3060 1126 3125 vel
1142 3060 1270 3124 aneilla

147 3154 221 3214 tam
251 3150 354 3213 noxia
384 3153 636 3235 perpetrantes,
673 3150 875 3214 ducentenis
905 3149 1077 3213 verberati
1111 3148 1267 3232 flagellis,

147 3239 298 3322 turpiter
328 3239 434 3302 etiam
465 3237 668 3302 decalvandi
698 3241 789 3300 sunt.
842 3237 985 3302 Domini
1014 3257 1108 3314 vero,
1145 3237 1269 3320 quibus

148 3327 349 3391 iubentibus
371 3327 443 3391 tale
466 3326 565 3391 nefas
589 3326 775 3390 admissum
799 3329 861 3403 est,
887 3326 1028 3410 capitali
1051 3346 1086 3390 se
1110 3326 1270 3390 noverint

149 3416 318 3500 supplicio
335 3416 562 3500 perimendos.
601 3415 692 3479 Nam
708 3415 737 3478 si
752 3415 896 3498 ingenui
911 3413 1059 3497 quilibet
1074 3434 1115 3479 ex
1131 3415 1270 3478 comuni

149 3505 291 3569 consilio
322 3504 545 3568 homicidium
574 3507 771 3590 perpetrare
801 3503 1080 3580 deliberaverint,
1112 3503 1179 3578 illi,
1210 3503 1270 3587 qui

147 3594 293 3658 fortasse
328 3595 559 3678 percusserint
593 3595 655 3658 aut
689 3598 934 3677 quocumquew
964 3593 1063 3656 hictu
1094 3592 1270 3657 hominem

147 3683 396 3761 interfecerint,
425 3686 536 3747 morte
560 3682 749 3746 damnandi
772 3684 863 3745 sunt.
911 3681 971 3744 Illi
992 3701 1083 3758 vero,
1108 3682 1168 3765 qui
1192 3700 1270 3746 cum

148 3772 196 3836 eis
227 3772 409 3835 consilium
438 3772 599 3836 habuisse
629 3771 883 3856 repperiuntur,
914 3771 1069 3854 quamvis
1099 3790 1170 3834 non
1197 3790 1269 3855 per·

148 3862 325 3936 eusserint,
357 3864 499 3945 propter
528 3861 731 3923 inimicum¹
757 3862 875 3924 tamen
903 3859 1085 3923 consilium
1108 3860 1269 3924 ducento-

146 3967 224 4011 rum
243 3948 458 4031 fiagellorum
481 3950 596 4013 hictus
620 3948 784 4033 publicey
812 3948 944 4012 extensi
968 3951 1003 4012 et
1022 3947 1269 4012 decalvationis

146 4037 294 4101 feditate
334 4038 467 4121 passuri
504 4041 600 4114 sunt;
644 4037 755 4120 adque
794 4037 935 4121 insuper
968 4037 1131 4121 proximis
1166 4036 1270 4101 occisi

147 4126 349 4210 parentibus
372 4125 631 4208 quinquagenos
648 4126 775 4189 solidos
800 4145 992 4209 conponere
1016 4124 1267 4208 conpellantur,

255 4283 277 4328 ο)
296 4284 391 4320 externo
410 4281 458 4323 132.
538 4282 562 4329 p)
580 4281 720 4328 percucurri
738 4281 784 4322 131.
865 4281 889 4328 q)
907 4281 939 4318 lto
956 4279 1035 4327 121.r;
1063 4278 1230 4328 perpetraverit
1244 4278 1269 4320 Ε.

149 4336 168 4381 r)
182 4338 348 4373 sacramentum
362 4335 409 4375 121.
471 4335 491 4380 s)
506 4333 551 4373 talc
565 4333 614 4376 Ra.
678 4336 695 4382 t)
709 4333 766 4373 duct
779 4333 826 4376 121.
889 4335 912 4382 u)
927 4333 1011 4382 quique
1025 4332 1071 4374 121.
1132 4333 1155 4378 v)
1170 4331 1207 4370 vel
1220 4332 1269 4374 1³2.

148 4384 412 4435 w)qnodcumqu0121.
466 4389 489 4434 x)
504 4398 560 4430 corr.
574 4387 658 4426 inicum
673 4387 721 4429 ΒΞ.
775 4388 799 4438 y)
813 4385 903 4436 puplice
918 4387 964 4428 ΕΙ.
