3000 4934
183 350 234 403 272
334 343 412 399 Lux
429 344 545 401 VISIG.
564 342 834 400 Ruccussvnu).
872 343 971 413 VIIII,
990 347 1016 411 2,
1035 347 1059 400 6.
1074 347 1103 410 7;
1125 347 1150 399 3.

183 533 224 592 ut
253 532 479 593 numerentur
509 527 591 603 dies,
623 547 664 593 ex
693 548 761 610 quo
792 547 927 590 annone
957 546 1074 591 eorum
1101 526 1200 589 iuxta
1228 546 1313 589 con-

184 617 402 682 suetudinem
426 617 474 680 eis
497 616 628 700 inplete
644 637 714 680 non
729 616 871 679 fuerint.
918 614 964 679 Et
985 618 1070 679 tunc
1088 614 1168 679 ille⁰
1190 634 1313 679 comes

184 706 334 770 civitatis
357 705 413 769 vel
440 705 660 781 annonariae,
691 707 860 787 quantum
888 704 1054 787 temporis
1077 703 1125 768 eis
1148 723 1313 767 annonas

184 798 365 859 consuetas
395 786 648 870 subtraxeratf,
679 793 714 855 in
745 792 996 877 quatruplumg
1027 791 1075 856 eis
1102 791 1233 856 invitus
1266 793 1313 857 de

184 903 246 946 sua
269 881 408 966 propria
430 881 600 945 facultate
623 882 796 945 restituat.
844 880 1010 945 Similiter
1034 883 1069 944 et
1093 880 1135 944 de
1154 880 1220 956 his,
1247 881 1313 963 qui

184 972 220 1034 in
243 963 384 1033 thiuiah
411 969 545 1035 fuerint
569 963 812 1046 dinumerati¹,
837 969 1010 1033 observari
1034 969 1256 1053 precipimus.

587 1191 655 1249 vn.
686 1191 899 1262 mumma.

186 1322 316 1402 Quam
352 1324 592 1387 mercedem
628 1316 847 1407 accipiatb
882 1322 955 1406 qui
987 1323 1208 1406 mancipia
1237 1322 1311 1388 vel

234 1412 459 1496 quaslibet
488 1432 555 1476 res
587 1412 636 1475 de
667 1432 792 1474 manu
822 1411 965 1475 hostis
995 1411 1256 1476 excusserit.

293 1533 507 1618 Quicumque
528 1536 656 1599 devite
680 1555 739 1599 sue
755 1539 904 1599 stetum⁰
926 1534 1102 1620 disperans
1120 1530 1309 1599 inimicus‘l

184 1624 293 1688 fuerit
316 1624 506 1706 adgressus,
530 1624 581 1685 ita
604 1627 645 1686 ut
668 1623 840 1707 mancipia
863 1623 918 1688 vel
941 1623 1181 1707 quodcumque
1196 1644 1310 1707 genus

184 1712 329 1796 pecunie
353 1714 414 1775 aut
438 1711 584 1774 aliarum
607 1731 722 1775 rerum
745 1712 788 1776 ab
812 1713 971 1776 inimico⁰
987 1712 1108 1836 spossit
1135 1715 1308 1786 excutere,

185 1803 221 1864 et
245 1803 358 1865 certus
380 1800 431 1863 rei
454 1800 613 1864 dominus
637 1804 722 1883 aput
745 1822 824 1865 eum
847 1800 979 1884 aliquid
1023 1801 1183 1865 videatur
1205 1821 1310 1884 agno-

185 1909 289 1965 scere,
321 1888 363 1952 de
392 1888 485 1952 hiisg
512 1908 553 1952 ex
575 1890 651 1953 toto
682 1890 767 1953 duas
796 1893 910 1973 partes
938 1909 1000 1973 pro
1023 1889 1156 1952 intuitu
1178 1889 1310 1953 miseri·

186 1977 300 2042 cordie
329 1977 467 2041 domino
496 1980 590 2041 certo
618 1978 790 2054 restituat,
818 1978 958 2042 tertiam
980 1998 1062 2041 vero
1085 1979 1220 2061 partem
1243 1998 1309 2060 pro

185 2065 312 2130 laboris
349 2065 402 2129 sui
436 2066 568 2149 premio
603 2070 842 2149 consequatur.
896 2065 1063 2130 Similiter
1096 2068 1132 2130 et
1165 2065 1196 2130 si
1229 2065 1309 2148 quis
1364 2065 1368 2073 '

185 2147 496 2238 qualemcumqueh
523 2154 733 2238 mancipium
761 2154 805 2218 ab
832 2154 980 2218 inimicis
1008 2152 1248 2218 sollicitaverit
1273 2156 1309 2218 et

185 2244 252 2327 ipsi
274 2237 463 2326 mancipio¹
493 2243 722 2327 patrocinium
751 2245 813 2305 aut
840 2243 1021 2307 consilium
1051 2242 1244 2327 prestiterit
1273 2246 1310 2307 et

186 2351 265 2394 eum
289 2331 333 2394 ad
357 2334 489 2395 certum
518 2332 695 2395 dominum
723 2331 930 2415 perduxerit,
961 2332 1167 2415 quicumque
1197 2331 1310 2395 fuerit
1375 2351 1378 2355 ·

186 2419 324 2502 agnitus
348 2420 413 2482 hoo
436 2419 569 2496 iecisse,
602 2420 769 2484 decimam
797 2423 930 2503 partem
958 2420 1123 2484 mercedis
1150 2440 1213 2504 pro
1241 2419 1309 2483 tali

186 2527 266 2570 casu
291 2510 352 2569 aut
376 2510 502 2571 eventu
526 2508 665 2572 omnino
689 2509 838 2592 excipiat
861 2508 1054 2573 habiturus.

238 2842 307 2905 III.
332 2843 546 2907 TITULUS:
583 2842 645 2907 Du
676 2844 771 2919 HIS,
804 2843 888 2924 QUI
918 2844 984 2907 AD
1014 2843 1252 2908 EOLESIAM

563 2949 912 3055 ‘CONFUGIUNTR

282 3092 311 3154 I.
346 3091 399 3155 Ne
428 3092 472 3155 ad
501 3091 686 3155 eclesiam⁸
713 3092 916 3175 confugiens
946 3092 1179 3167 abstrahatur,
1210 3084 1305 3155 nisib

346 3181 449 3256 armis
473 3181 673 3244 defensusl.

262 3267 311 3330 ΙΙ.
348 3268 385 3331 Si
408 3269 451 3331 ad
475 3268 635 3332 eclesiam
663 3268 875 3352 confugiens,
907 3269 990 3332 dum
1019 3269 1090 3334 suis
1119 3267 1224 3332 armis
1253 3269 1309 3333 de·

260 3398 263 3403 1
345 3357 511 3433 ienditur‚
536 3357 748 3421 occidatur0.

104 3517 109 3524 ‚
240 3444 309 3507 ΙΙΙ.
345 3444 399 3509 De
424 3445 549 3510 damno
572 3441 768 3509 hominemd
795 3445 839 3509 ab
863 3445 988 3509 eclesia
1010 3445 1256 3509 abstrahentis.

219 3533 310 3595 IIII.
345 3533 395 3596 Ut
419 3533 554 3597 debitor
578 3534 648 3596 sive
671 3554 750 3597 reus
774 3533 816 3597 de
840 3533 985 3598 ecclesia
1013 3555 1084 3598 non
1107 3533 1310 3598 abstrahan-

345 3624 412 3698 tur,
438 3623 497 3685 sed
521 3641 587 3704 que
611 3623 692 3684 sunt
715 3621 833 3685 debite
855 3622 1014 3686 reddant.

293 3845 314 3893 e)
328 3844 376 3893 lpse
390 3844 440 3886 132.
507 3843 677 3896 fleubtraxerlt
690 3846 736 3887 Rl.
804 3848 826 3895 g)
840 3844 990 3896 quadruplum
1004 3847 1053 3889 122.
1116 3846 1140 3895 h)
1154 3843 1254 3886 thluredr
1263 3857 1310 3896 pro

185 3899 209 3937 ln
224 3898 319 3940 11],112,
373 3897 389 3945 1)
403 3898 516 3937 numerati
529 3898 578 3940 Re,

294 3951 343 3992 VIL
384 3952 406 3998 ι)
420 3951 477 3989 dem
491 3951 540 3993 122.
607 3950 630 4001 b)
644 3951 757 3999 accipient
771 3952 817 3994 121.
880 3953 1038 4000 cnutum.
1102 3949 1125 4000 d)
1139 3952 1242 3992 inimicos
1258 3953 1309 3996 ΒΞ.

186 4007 207 4053 e)
221 4004 318 4043 inimicis
333 4003 381 4045 122.
428 4004 517 4051 odem
531 4004 577 4045 Rl.
624 4005 648 4052 g)
661 4004 696 4043 his
710 4005 759 4046 122.
799 4005 823 4052 h)
837 4006 1001 4054 qualecumque
1014 4006 1064 4049 132.
1104 4006 1121 4054 i)
1135 4005 1242 4054 mancipii
1257 4006 1309 4050 Bl.

186 4109 209 4158 d)
223 4056 401 4153 ᾗσωίἒᾘῐὲ
429 4059 451 4104 ι)
465 4056 566 4096 eccl-hic
579 4060 598 4095 el
612 4057 834 4106 intraproecl-M.
876 4059 899 4108 b)
908 4059 952 4098 ulei
961 4071 981 4101 a.
991 4056 1013 4102 (1,
1022 4058 1122 4102 deum.
1163 4059 1309 4107 oroma

186 4306 212 4374 1)
231 4307 272 4372 Cf.
292 4305 323 4360 L.
342 4306 417 4359 Rom.
432 4305 487 4358 Va.
501 4305 528 4359 C.
545 4304 593 4358 Th.
613 4304 664 4371 IX,
684 4307 727 4359 34.
