3000 4934
235 359 286 412 184
428 351 506 408 Lux
524 350 640 408 VISIG.
658 348 928 409 REGOllSSVIND.
964 349 1016 418 VI,
1036 353 1062 419 3,
1080 353 1159 406 3-7.

233 538 447 603 occasionem
470 537 619 618 ingenue
649 536 788 618 partum
811 533 998 598 excusserit
1025 536 1086 597 aut
1116 553 1192 597 eam
1221 554 1262 598 ex
1289 535 1362 598 hoc

235 626 433 692 debilitasse
474 623 702 707 cognoscitur,
749 623 839 686 sicut
880 625 916 686 et
955 623 1098 704 ingenui
1142 623 1356 705 superioris⁸

234 716 351 780 damni
374 734 464 799 pena
486 704 694 776 multeturl.

636 863 707 920 1111.
737 861 951 933 marauna.

315 979 359 1044 Si
389 980 607 1061 ingenuus
638 974 803 1041 ancille
833 980 1008 1061 partum
1037 977 1268 1042 effuderit.

340 1084 398 1150 Si1
419 1085 592 1168 ingenuus
616 1075 762 1147 ancilleb
784 1081 945 1147 aborsum
959 1083 1082 1148 fecerit
1098 1085 1182 1168 pati,
1206 1094 1263 1150 XX
1281 1085 1361 1149 soli-

235 1177 295 1240 dos
319 1175 458 1239 domino
482 1172 608 1237 ancille
632 1174 777 1254 cogatur
799 1171 938 1236 inferre.

668 1328 704 1384 v.
735 1325 920 1396 narraui.

316 1439 359 1505 Si
394 1459 543 1504 servus
578 1441 767 1522 ingenue
802 1442 974 1523 partum
1009 1440 1273 1516 excusserit,

233 1559 278 1612 OG
293 1546 440 1630 flagellis
463 1546 601 1630 publice
621 1546 822 1611 verberetur
845 1549 881 1610 et
902 1546 1063 1610 tradatur
1085 1545 1235 1630 ingenue
1258 1547 1362 1610 servi-

232 1639 341 1699 turus.

660 1715 713 1774 VI.
743 1715 929 1787 ANTIQUA.

294 1829 337 1893 Si
368 1849 516 1893 servus
548 1828 714 1893 ancille
744 1828 1093 1914 partitudinem²
1125 1829 1294 1895 leserit.

341 1935 378 2000 Si
402 1934 565 2000 ancillam
587 1955 704 2000 servus
729 1935 887 2000 abortare
908 1936 1041 2014 fecerit,
1065 1947 1094 2001 x
1109 1936 1236 2000 solidos
1253 1938 1361 2001 domi-

234 2018 324 2090 nusb
352 2024 441 2091 servi
470 2024 596 2090 ancille
624 2024 764 2089 domino
793 2025 874 2089 dare
903 2028 1056 2108 cogatur,
1086 2025 1217 2109 etipse
1241 2044 1361 2090 servus

234 2126 278 2180 00
302 2116 442 2200 insuper
464 2114 605 2198 flagella
628 2114 804 2198 suscipiat.

438 2266 505 2323 VII.
536 2266 706 2323 FLAVIUS
726 2265 1043 2322 OHINDASVINDUS
1061 2265 1149 2323 REX.

278 2380 338 2444 De
367 2380 473 2455 hisa,
505 2381 579 2462 qui
605 2379 734 2444 filios
762 2400 859 2444 suos
888 2383 963 2444 aut
988 2373 1140 2445 natosb
1173 2382 1314 2445 autin

630 2471 758 2533 utero
788 2472 958 2533 necant.

340 2574 440 2638 Nihil
463 2577 516 2638 est
539 2594 657 2639 eorum
680 2575 852 2658 pravitate
876 2576 1038 2652 deterius,
1063 2577 1123 2659 qui
1146 2576 1287 2661 pietatis
1310 2577 1361 2640 in-

234 2682 416 2739 memores,
447 2662 597 2727 filiorum
627 2683 768 2728 suorum
796 2668 976 2729 necatores
1007 2665 1176 2742 existunt3
1212 2685 1361 2749 quorum

150 2813 153 2818 .
235 2752 316 2836 quia
345 2751 470 2815 vitium
499 2770 560 2836 per
590 2752 783 2836 provincias
815 2753 914 2837 regni
948 2755 1058 2818 nostri
1093 2755 1148 2827 sic,
1175 2754 1360 2819 inolevisse

234 2845 404 2918 narratur,
428 2843 469 2904 ut
492 2844 566 2904 tam
588 2841 653 2905 viri
676 2861 780 2925 quam
802 2841 933 2906 femine
956 2842 1093 2908 sceleris
1116 2842 1221 2907 huius
1244 2848 1359 2909 aucto-

233 2934 307 2994 res⁰
336 2949 410 2995 esse
437 2930 687 3014 repperiantur.
735 2929 820 2995 Ideo
843 2931 935 2995 hanc
958 2930 1135 2996 licentiam
1159 2932 1359 3015 proibentes

235 3018 463 3097 decernimus,
499 3021 554 3096 ut,
591 3039 652 3084 seu
686 3019 796 3084 libera
830 3039 891 3084 seu
927 3020 1055 3084 ancilla
1088 3024 1212 3085 natum
1246 3021 1360 3085 filium

234 3107 384 3173 filiamve
413 3103 627 3184 necaveritl,
664 3108 734 3174 sive
769 3110 882 3173 adhuc
917 3109 954 3171 in
984 3112 1084 3174 utero
1114 3110 1259 3187 habens,
1296 3114 1359 3175 aut
1390 3154 1393 3161 -

234 3198 411 3280 potionem
446 3198 490 3261 ad
521 3217 679 3261 avorsum
717 3198 901 3282 acceperit,
938 3200 1000 3262 aut
1036 3197 1104 3262 alio
1141 3218 1358 3282 quocumque

234 3286 335 3350 modo
373 3286 573 3370 extinguere
608 3290 746 3371 partum
775 3307 876 3363 suum
905 3287 1140 3371 presumserit,
1177 3307 1256 3351 mox
1284 3308 1358 3372 pro·

233 3373 345 3440 vincie
379 3375 502 3440 iudex⁸
535 3378 596 3440 aut
625 3374 793 3440 territorii
826 3369 956 3440 talemf
989 3376 1123 3441 factum
1156 3377 1357 3460 reppererit,

233 3485 304 3527 non
334 3463 445 3527 solum
475 3465 729 3547 operatricemg
760 3464 911 3528 criminis
943 3465 1047 3528 huius
1077 3464 1218 3549 publica
1246 3469 1357 3530 morte

235 3553 451 3629 condemnet,
480 3556 542 3616 aut
570 3553 599 3616 si
621 3553 692 3616 vite
715 3571 888 3616 reservare
910 3553 1069 3631 voluerit,
1100 3573 1236 3619 omnem
1260 3554 1357 3618 visio-

233 3659 314 3704 nem
341 3640 519 3704 oculorum
548 3640 621 3704 eius
641 3652 718 3703 ‘non
742 3644 895 3704 moretur
918 3643 1129 3725 extinguere,
1161 3644 1221 3708 sed
1251 3643 1358 3708 etiam

234 3728 263 3791 si
294 3729 460 3792 maritum
493 3729 566 3792 eius
600 3728 687 3793 talia
716 3729 854 3794 iussisse
881 3730 937 3794 vel
967 3732 1159 3814 permisisse
1194 3732 1356 3816 patuerit,

234 3818 382 3881 eundem
407 3817 512 3881 etiam
534 3816 688 3882 vindicte
712 3817 816 3881 simili
839 3819 987 3884 subdere
1009 3840 1080 3884 non
1102 3825 1249 3886 recuset.

341 3990 382 4030 111.
423 3991 446 4037 a)
460 3990 614 4040 superioribus
629 3991 676 4033 ΕΙ.
731 3991 754 4039 b)
767 3991 892 4031 multentur
906 3992 952 4034 121.
1034 3990 1040 3995 '

341 4043 395 4086 1111.
435 4045 457 4090 a)
472 4044 529 4082 dccet
542 4043 592 4086 Bt.
646 4044 668 4093 b)
683 4041 712 4084 ad
726 4045 832 4084 ancillam
845 4045 895 4088 122.

340 4096 379 4138 VI.
420 4098 442 4145 e)
456 4095 600 4145 pertudincm
614 4098 662 4140 121.
716 4098 738 4147 b)
753 4095 843 4138 domino
857 4099 904 4141 121.

340 4149 392 4193 Vll.
432 4153 454 4197 a)
468 4150 503 4190 hle
518 4151 557 4198 qui
571 4151 614 4192 des.
628 4151 675 4194 131.
743 4151 765 4200 b)
780 4157 846 4192 natus
860 4152 907 4194 121.
975 4153 1154 4200 c)actorisR1.
1223 4151 1246 4202 d)
1261 4164 1358 4194 necave-

233 4202 280 4241 rint
293 4203 340 4246 121,
394 4205 415 4250 e)
429 4200 476 4242 dux
490 4205 539 4247 Ra.
592 4204 670 4249 sstale
685 4205 733 4248 Re,
787 4208 810 4255 g)
824 4205 974 4246 uberatricem
988 4206 1035 4250 121.

235 4327 261 4394 1)
280 4327 321 4392 Of.
341 4328 373 4383 L.
392 4328 488 4383 Boiuo.
507 4330 533 4395 8,
554 4330 597 4383 22.
616 4331 660 4384 23.
