3000 4934
366 367 445 423 LI‘IX
462 367 578 424 VIBIG.
596 365 866 425 REOGESSVIND.
904 367 972 436 vn,
989 373 1015 436 2,
1033 372 1132 425 8-10.
1256 373 1310 426 209

189 553 283 617 credi
305 551 423 636 possit,
448 555 488 615 ut
511 551 686 615 excusatio
708 551 905 634 ignorantie
928 551 1118 615 anferatur.
1157 550 1257 630 Quod
1281 554 1309 617 si

190 640 292 706 aliter
312 640 437 705 fecerit
466 640 525 723 qui
548 639 786 723 conparaverit
809 661 831 704 a
852 640 966 704 iudice
990 640 1189 704 districtusa
1216 645 1310 706 auto-

189 750 261 794 rem
288 731 465 813 presentet
491 728 585 791 inira
610 731 747 812 tempus
770 729 984 793 sufficienter
1006 749 1028 792 a
1049 730 1164 794 iudice
1188 732 1310 795 consti·

188 821 315 882 tntum.
355 815 466 895 Quem
488 817 611 881 sinon
633 817 786 901 potuerit
808 817 973 893 invenire,
997 818 1166 902 adprobet
1188 839 1225 883 se
1248 823 1310 883 aut

190 909 403 971 sacramento
434 910 496 969 aut
524 905 673 969 testibus
702 906 933 983 innocentem,
964 907 1057 988 quod
1087 927 1166 971 eum
1195 908 1310 972 furem

188 995 364 1072 nescierit,
393 998 429 1059 et
456 994 549 1077 quod
576 997 662 1077 aput
689 1014 768 1058 eum
795 995 1002 1077 agnoscitur,
1034 999 1177 1080 accepta
1205 998 1310 1080 pretii

189 1084 384 1159 medietate,
415 1083 588 1160 restituat,
619 1083 731 1166 adque
760 1083 861 1147 ambo
889 1084 980 1148 datis
1002 1078 1175 1148 invicemb
1203 1105 1310 1149 sacra·

189 1173 315 1236 mentis
338 1172 553 1255 promittant,
582 1171 674 1254 quod
696 1171 810 1236 furem
832 1172 983 1236 fideliter
1006 1177 1162 1255 querant.
1210 1173 1310 1252 Quod

190 1262 220 1324 si
249 1260 389 1324 omnino
415 1260 493 1323 fur⁰
519 1255 695 1324 invenire(¹
721 1261 928 1343 nequiverit,
959 1281 1032 1324 rem
1059 1264 1212 1338 tantum,
1244 1283 1310 1345 que

192 1350 285 1412 emta
308 1351 369 1426 est,
395 1348 531 1412 domino
553 1347 605 1412 rei
628 1352 740 1412 emtor
762 1368 804 1413 ex
825 1349 1028 1432 integritate
1050 1350 1225 1415 reformet.
1273 1351 1310 1415 Si

192 1456 272 1500 vero
300 1437 457 1501 dominus
483 1437 534 1502 rei
564 1436 679 1501 furem
707 1437 843 1501 noverit
873 1441 909 1501 et
938 1458 1018 1502 enm
1047 1438 1224 1522 publicare
1253 1461 1310 1504 no

192 1525 306 1603 luerit,
336 1544 409 1589 rem
439 1545 480 1590 ex
508 1529 584 1589 toto
614 1526 765 1602 amittat,
795 1546 899 1609 quam
929 1530 1040 1590 emtor
1062 1528 1178 1611 quiete
1207 1529 1310 1612 possi·

193 1613 282 1678 dcat.
328 1613 444 1679 Haec⁰
472 1616 508 1679 et
531 1615 574 1679 de
597 1616 703 1679 servis
726 1615 839 1678 forma
861 1615 1064 1679 servabitur.

576 1855 676 1913 vnn.
706 1856 919 1927 sumansu.

263 1984 307 2049 Si
337 1987 387 2050 de
417 1986 515 2049 fure
546 1987 642 2069 quis
672 1988 879 2070 cognitus
910 1989 1231 2071 conparaverit.
1319 2069 1322 2072 Ι

296 2108 356 2172 Si¹
383 2109 460 2192 quis
490 2128 564 2172 rem
590 2109 758 2173 furtivam
783 2111 894 2175 sciens
917 2131 939 2174 a
961 2110 1038 2175 fure
1062 2112 1309 2195 conparaverit,

188 2195 260 2271 ille,
284 2197 344 2278 qui
367 2197 461 2273 emit,
485 2217 586 2260 suum
609 2201 823 2282 representet
846 2202 1002 2263 autorem
1025 2203 1061 2265 et
1083 2205 1205 2284 postea
1226 2204 1311 2264 tam-

190 2303 294 2366 quam
322 2284 381 2347 fur
408 2304 601 2369 conponere
630 2306 701 2350 non
729 2292 892 2352 moretur.
939 2288 976 2352 Si
999 2308 1080 2353 vero
1103 2289 1217 2354 furem
1239 2310 1311 2352 non

190 2373 371 2450 invenerit,
397 2373 538 2458 duplam
557 2376 838 2459 conpositionem,
863 2397 928 2460 que
945 2371 985 2441 ab
1001 2378 1138 2442 furibus
1154 2378 1309 2455 debetur,

190 2459 341 2538 exolvat;
367 2462 447 2546 quia
469 2467 612 2548 apparet
634 2465 756 2529 illum⁰
775 2460 868 2528 furi‘¹
887 2487 960 2531 esse
976 2468 1133 2546 similem,
1157 2469 1310 2551 quirem

188 2549 355 2614 furtivam
381 2552 491 2616 sciens
514 2574 718 2638 conparasse
742 2556 969 2638 cognoscitur.
1017 2554 1118 2634 Quod
1141 2557 1170 2620 si
1193 2577 1310 2621 servus

189 2639 255 2702 hoc
283 2639 420 2719 fecerit,
456 2646 518 2707 aut
546 2645 772 2709 medietatem
801 2645 1046 2727 conpositionis
1077 2645 1121 2710 de
1150 2645 1310 2729 ingenuis

187 2727 369 2810 persolvat,
395 2734 456 2795 aut
479 2733 573 2796 hunc
597 2733 805 2797 serviturum
829 2731 987 2797 dominus
1009 2734 1138 2797 tradat.

606 2971 643 3027 x.
674 2969 889 3040 lausonna.

233 3097 293 3161 De
322 3099 510 3181 pecunia
538 3101 581 3163 et
608 3100 726 3183 regis
753 3100 884 3166 rebus
911 3101 1034 3165 furto
1063 3102 1265 3167 sublatis.

296 3221 355 3284 Si2
378 3221 454 3303 quis
471 3222 514 3285 de
528 3215 696 3286 tesaurisb
716 3223 864 3306 publicis
888 3225 1070 3309 pecuniam
1094 3230 1156 3290 aut
1180 3226 1311 3309 aliquid

187 3329 302 3373 rerum
337 3308 543 3374 involaverit
571 3309 628 3374 vel
657 3314 739 3374 uso⁰
775 3332 836 3376 suo
870 3313 1105 3390 transtulerit,
1140 3314 1178 3377 in
1211 3334 1311 3378 nove-

188 3398 329 3482 cuplum
352 3419 428 3463 eam
451 3399 624 3464 restituat.

293 3661 356 3704 VIII.
391 3664 414 3712 a)
427 3660 544 3702 districtus
553 3684 580 3692 —
589 3661 665 3703 ludlcc
675 3674 717 3706 orn.
726 3663 774 3713 131,
789 3663 826 3702 ubl
835 3664 910 3702 eadem
918 3673 986 3701 manu
995 3673 1064 3710 supra
1073 3662 1152 3702 lincam
1162 3664 1239 3702 addito
1248 3668 1310 3704 sunt:

187 3715 248 3754 sure
267 3715 407 3766 lnqulrsl3
426 3717 562 3756 constrictus
580 3728 648 3756 manu
665 3717 735 3765 ἐρείπια
751 3717 865 3766 scriptoris
884 3717 908 3754 ln
921 3719 982 3754 testu
994 3715 1037 3754 122
1050 3717 1154 3766 scrlptum
1168 3717 1254 3767 legitur,
1274 3718 1311 3756 ubl

187 3773 258 3806 tamen
272 3774 373 3808 autorem
388 3790 414 3798 -
428 3767 526 3810 iudicem
539 3772 620 3810 omma
633 3774 690 3813 sunt.
713 3770 766 3809 sua
780 3774 851 3809 asam
865 3779 933 3808 manu
947 3769 1008 3807 haud
1020 3769 1089 3808 msam
1103 3772 1219 3810 rememoro
1233 3771 1311 3810 addita

186 3826 235 3859 suns
249 3832 318 3871 supro
332 3823 424 3861 lineam:
438 3821 514 3863 ludica
528 3821 646 3863 distrlctus
660 3827 763 3863 sutorem
777 3827 814 3866 ea.
827 3843 854 3852 -
868 3820 951 3865 indico.
998 3823 1021 3870 b)
1035 3821 1133 3863 indicam
1146 3825 1194 3867 ΕΙ,
1241 3826 1262 3872 c)
1275 3825 1310 3864 fu·

187 3885 234 3914 scm
248 3876 269 3913 R
278 3877 296 3914 2.
351 3873 374 3922 d)
388 3877 421 3913 ita
431 3888 475 3924 pro
489 3877 588 3915 inventri
602 3878 649 3918 121.
659 3877 678 3918 2.
733 3879 754 3925 c)
768 3877 817 3916 Hac
832 3877 879 3918 121.

295 3929 369 3970 VIIII.
410 3930 433 3975 a)
446 3929 503 3967 deest
516 3930 565 3972 122.
618 3929 642 3980 b)
656 3927 685 3968 de
698 3929 748 3970 Rs.
802 3930 823 3976 c)
836 3929 894 3968 deest
907 3928 954 3970 121.
1008 3926 1031 3977 d)
1045 3929 1101 3970 furls
1115 3930 1164 3974 122.

294 3982 319 4022 X.
361 3983 383 4029 a)
397 3982 454 4019 deest
467 3981 516 4024 122.
570 3983 594 4030 b)
609 3982 722 4023 thesauris
736 3982 785 4024 122.
840 3983 861 4030 o)
874 3991 932 4022 ausu
946 3981 994 4025 1³2.

189 4192 216 4258 1)
233 4192 275 4255 Cf.
294 4191 327 4246 L.
345 4192 443 4246 Baius.
462 4194 545 4259 9,14.
607 4192 634 4259 2)
652 4194 726 4245 Haec
745 4193 788 4247 lec
804 4195 842 4247 aa
859 4195 1007 4264 exemplam
1025 4195 1058 4250 L.
1071 4197 1146 4253 Rom.
1161 4198 1216 4251 Vis.
1229 4197 1309 4250 Paul.

192 4263 222 4327 V,
242 4263 285 4316 29.
304 4264 407 4330 scripta
424 4269 477 4315 est:
500 4260 531 4316 Si
549 4262 610 4330 quis
628 4261 749 4317 fiscalem
766 4265 912 4333 pecuniam
936 4303 942 4317 .
963 4308 969 4320 .
990 4304 996 4318 .
1019 4266 1185 4335 subripuerit
1208 4282 1256 4319 seu
1280 4265 1310 4319 in

188 4347 250 4383 suos
268 4347 331 4384 usos
350 4332 523 4402 converterit,
545 4334 574 4386 in
592 4333 777 4404 quadruplum
795 4336 853 4390 eius
870 4337 1004 4405 pecuniae
1023 4379 1030 4394 .
1050 4381 1056 4394 .
1077 4381 1082 4394 .
1102 4337 1309 4392 condamnetur.

268 4437 312 4480 LL.
322 4438 392 4487 vnn.
406 4443 453 4483 snt
1063 4447 1096 4499 14
