3000 4934
425 377 504 432 LEX
521 376 637 435 VISIG.
656 377 926 436 Rnoonssvfltn.
962 377 1001 447 Π,
1015 382 1040 448 1,
1058 382 1101 436 18.
1113 382 1156 436 19.
1316 383 1350 437 51

230 563 334 626 iudex
357 561 398 638 ei,
423 581 525 644 quem
549 561 668 626 audire
690 561 814 639 noluit,
838 582 900 645 pro
916 562 1160 646 fatigationem
1183 562 1256 626 eius
1278 565 1352 625 tan·

230 655 315 726 tum,
340 653 509 732 quantum
532 650 605 734 ipse
625 649 668 713 ab
686 651 880 714 adversario
897 671 959 714 suo
975 651 1165 715 secundum
1180 643 1349 734 legalemf

230 739 397 803 iudicium
427 739 543 803 fuerat
574 742 788 822 accepturus,
821 743 856 804 et
885 740 996 823 ipsam
1027 759 1166 804 causam
1192 738 1262 816 ille,
1293 739 1354 823 qui

231 829 329 912 petit,
353 847 462 911 usque
486 828 531 890 ad
553 830 690 912 tempus
714 827 850 912 legibus
874 828 1104 893 constitutum
1126 829 1200 892 itaii
1225 827 1354 893 habeat

231 907 473 993 reservatamh,
505 919 555 992 ut,
587 937 666 980 cum
690 937 766 981 eam
796 936 986 1000 proponere
1008 916 1168 994 voluerit,
1199 916 1354 981 debitam

231 1005 297 1069 sibi
317 997 505 1129 percipiat¹
534 1005 726 1069 veritatem.
775 1005 876 1071 Oerte
900 1006 929 1069 si
951 1006 1111 1070 fraudem
1135 1008 1197 1070 aut
1220 1004 1353 1069 dilatio·

230 1114 310 1159 nem
373 1094 497 1158 iudicis
531 1114 602 1157 non
636 1094 790 1177 potuerit
824 1087 970 1178 petitor¹
1006 1093 1210 1178 adprobare,
1247 1114 1354 1158 sacra·

231 1186 379 1247 mentom
418 1203 516 1247 suam
553 1183 657 1246 iudex
696 1183 941 1247 conscientiam
980 1183 1108 1266 expiet,
1149 1183 1240 1266 quod
1275 1202 1354 1247 eum

231 1270 354 1334 nullon
388 1270 617 1354 malignitatis
648 1271 795 1335 obtentu
823 1271 878 1335 vel
909 1270 1085 1354 quolibet⁰
1116 1271 1260 1335 favore¹¹
1294 1274 1355 1334 aut

233 1360 386 1423 amicitia
402 1359 521 1423 audire
538 1359 723 1436 distulerit,
748 1363 784 1423 et
807 1363 949 1444 propter
972 1360 1037 1423 hoc
1061 1358 1245 1443 culpabilis
1263 1359 1355 1423 idem

232 1448 336 1513 iudex
358 1446 559 1512 nullatenus
583 1447 763 1512 habeatur.
810 1447 953 1513 Eideml‘
972 1450 1091 1513 tamen
1110 1447 1219 1512 iudici
1240 1447 1353 1525 liceat,

234 1540 301 1599 utg
326 1537 363 1599 in
386 1556 456 1599 una
480 1535 672 1600 ebdomada
695 1535 829 1601 duobus
855 1536 976 1602 diebus
998 1536 1055 1600 vel
1078 1535 1236 1601 omnibus
1259 1536 1356 1600 meri-

234 1625 345 1689 dianis
376 1625 454 1702 oris,
485 1625 515 1689 si
537 1625 695 1703 voluerit,
728 1625 856 1709 absque
885 1644 1065 1690 causarum
1093 1625 1272 1690 audientia
1295 1645 1355 1689 sue

232 1718 331 1778 vacet
355 1714 474 1778 domui
496 1734 558 1798 pro
581 1715 697 1798 quiete
706 1714 729 1777 1.
774 1714 922 1797 Reliquo
937 1734 1018 1779 vero
1041 1717 1197 1798 tempore
1220 1713 1357 1798 prolata

232 1802 298 1866 sibi
340 1802 481 1887 negotia
524 1804 687 1886 frequens
726 1805 762 1867 et
801 1803 929 1886 absque
969 1802 1162 1867 dilationeq
1201 1802 1357 1886 qnalibet

233 1892 415 1956 examinet.

606 2008 735 2065 xvnn.
765 2007 976 2078 ANTIQUAa.

235 2121 278 2184 Si
304 2121 435 2185 iudex
464 2124 539 2185 aut
567 2140 643 2204 per
671 2120 937 2184 commodum
961 2123 1036 2183 aut
1059 2139 1135 2202 per
1157 2119 1358 2203 ignoran-

535 2209 643 2272 tiam
666 2208 839 2273 iudicet
863 2228 1045 2271 causam.

343 2314 476 2378 Iudex2
506 2315 536 2378 si
565 2335 627 2398 per
656 2314 837 2398 quodlibet
867 2314 1086 2378 commodum
1114 2313 1205 2379 male
1233 2313 1360 2377 iudica·

236 2403 325 2468 verit
349 2407 384 2468 et
408 2403 611 2487 cuicumque
634 2403 763 2468 iniuste
787 2403 976 2486 quidquam
1003 2402 1134 2466 auferri
1156 2403 1357 2487 preceperit,

237 2492 307 2568 ille,
338 2492 398 2575 qui
422 2512 442 2555 a
465 2493 579 2558 iudice
602 2492 782 2557 ordinatus
813 2492 857 2556 ad
887 2491 1084 2556 tollendum
1112 2492 1229 2556 fuerat
1259 2491 1360 2555 desti·

238 2585 349 2658 natus,
374 2601 416 2646 ea
438 2601 504 2665 que
527 2581 612 2646 tulit
634 2582 808 2646 restituat.
847 2580 938 2645 Nam
958 2581 1031 2665 ipse
1047 2581 1151 2646 index
1167 2580 1360 2645 contrarius

238 2671 401 2755 equitatis
425 2669 514 2735 aliut
536 2673 677 2735 tantum
700 2671 742 2735 de
759 2691 831 2747 suo,
856 2673 1025 2752 quantum
1049 2669 1181 2734 auferri
1201 2669 1358 2746 iusserat,

237 2780 315 2823 mox
337 2760 513 2837 reformet,
536 2760 574 2824 id
597 2762 659 2838 est,
684 2752 821 2824 ablateb
847 2758 899 2823 rei
923 2757 1048 2843 simpla
1066 2757 1360 2842 redintegratione

237 2842 432 2925 concessal,
456 2870 518 2933 pro
535 2849 773 2913 satisfactione
792 2868 852 2912 sue
867 2847 1076 2912 temeritatis
1099 2846 1189 2910 aliut
1210 2849 1359 2921 tantum,

237 2941 407 3021 quantum
430 2937 560 3002 auferri
582 2941 794 3022 preceperat,
819 2937 862 3001 de
886 2957 949 3001 sua
970 2936 1142 3000 facultate
1165 2935 1228 3011 illi,
1258 2954 1360 3018 quem

237 3026 365 3090 iniuste
382 3027 616 3102 damnaverat,
641 3026 776 3090 reddat.
812 3023 958 3103 Quodsi
981 3045 1052 3088 non
1072 3024 1243 3100 habuerit,
1267 3024 1360 3086 unde

239 3117 421 3198 conponat,
447 3133 526 3178 oum
541 3114 605 3190 his,
631 3133 697 3195 que
713 3112 841 3177 habere
857 3114 1058 3189 dinoscitur,
1081 3113 1155 3196 ipse
1177 3112 1282 3176 iudex
1296 3111 1359 3188 illi,

205 3254 211 3266 .
240 3202 296 3266 cui
320 3221 513 3285 conponere
537 3201 668 3276 debuit,
700 3201 878 3266 subiaceat
907 3201 1105 3264 serviturus.
1153 3199 1215 3263 Sin
1244 3203 1361 3263 autem

239 3310 300 3375 per
333 3289 566 3373 ignorantiam
600 3289 728 3354 iniuste
762 3288 968 3353 iudicaverit
1002 3290 1038 3353 et
1073 3287 1296 3353 sacramentis
1325 3306 1361 3350 se

238 3379 392 3463 potuerit
409 3398 580 3456 excusare,
598 3379 690 3461 quod
705 3398 777 3441 non
792 3397 853 3462 per
869 3377 1059 3442 amicitiam
1074 3375 1130 3441 vel
1146 3376 1356 3460 eupiditate⁰

238 3473 300 3532 aut
315 3488 377 3553 per
393 3468 611 3532 commodum
627 3467 793 3550 quolibet,
818 3468 880 3532 sed
902 3459 1144 3530 tantumdemd
1162 3465 1363 3549 ignoranter

237 3558 303 3622 hoc
318 3557 457 3622 fecerit:
483 3558 575 3640 qnod
590 3555 760 3621 indicabit
776 3576 847 3619 non
863 3555 990 3632 valeat,
1015 3558 1051 3621 et
1073 3555 1146 3639 ipse
1170 3554 1274 3618 iudex
1291 3574 1362 3618 non

237 3646 425 3731 inplicetur
447 3645 485 3708 in
508 3646 645 3730 eulpa0.

343 3819 447 3868 niegem
462 3823 486 3859 et
499 3815 607 3858 indictum
622 3818 669 3860 121.
718 3820 741 3867 g)
755 3818 812 3856 decet
826 3819 873 3860 ΕΙ,
924 3818 947 3864 h)
962 3819 1102 3857 reservatum
1116 3818 1167 3867 1213
1183 3820 1300 3856 reservata
1313 3815 1362 3857 122.

238 3873 254 3919 i)
268 3872 364 3921 recipiat
377 3874 424 3914 Iti.
492 3870 687 3919 odilmannum
701 3872 750 3912 122.
825 3872 841 3918 l)
856 3871 951 3920 petitum
966 3871 1015 3913 Rl.
1089 3872 1120 3919 m)
1134 3874 1299 3909 sacamentum
1313 3871 1362 3910 III.

238 3929 261 3973 n)
271 3926 333 3965 nulla
342 3925 488 3974 malignitatis
499 3926 616 3965 obtentum
626 3936 655 3965 ne
664 3925 766 3975 quolibet
776 3925 853 3965 labore
859 3935 904 3973 pro
914 3924 975 3963 nulio
985 3945 1011 3952 -
1021 3924 1100 3964 favore
1109 3925 1130 3962 It
1137 3926 1156 3965 1.
1193 3925 1215 3971 o)
1225 3923 1307 3962 colibet
1316 3922 1362 3964 1³2.

238 3983 261 4029 p)
275 3976 338 4018 Idem
353 3980 399 4021 121.
454 3981 477 4027 q)
491 3977 626 4018 dilatatione
640 3979 689 4021 122.

344 4032 440 4074 XVIIII.
481 4033 503 4079 a)
520 4032 577 4070 dccet
595 4032 644 4074 ΒΞ,
711 4031 735 4079 b)
753 4031 852 4071 ablattun
870 4030 904 4070 rei
922 4028 1026 4079 simplam
1045 4027 1260 4079 redintegrationem
1274 4032 1298 4069 et
1313 4028 1362 4071 122.

238 4088 259 4133 c)
273 4083 421 4135 cupiditatem
434 4089 475 4125 ant
488 4086 538 4135 Η,
553 4086 591 4123 uti
604 4095 645 4135 per
659 4086 722 4127 duat.
776 4080 800 4132 d)
815 4087 902 4124 tantum
917 4083 966 4127 122.
1021 4084 1042 4130 e)
1058 4083 1146 4132 culpam
1160 4083 1209 4126 Be.

240 4211 266 4275 1)
284 4211 325 4275 Cf.
344 4211 377 4264 L.
391 4211 467 4264 Rom.
483 4211 537 4264 Via.
552 4210 579 4263 0.
597 4208 647 4263 Tb.
666 4209 691 4273 l,
705 4210 730 4262 7.
803 4207 831 4275 2)
847 4209 893 4260 Ad
911 4207 1061 4274 exemplum
1079 4206 1161 4258 buius
1179 4207 1244 4272 begin
1261 4208 1362 4273 scripta

238 4287 276 4333 eet
300 4281 332 4336 L.
351 4282 449 4336 Baiuv.
475 4284 501 4346 2,
523 4281 628 4336 1218.
667 4280 710 4345 Cf.
727 4281 808 4332 dmm
827 4279 894 4333 0011.
913 4280 986 4330 iuria
1004 4278 1257 4330 Bouiano-Gothia
1280 4293 1301 4332 c.
1319 4279 1360 4342 10,

241 4352 381 4404 camum
395 4370 424 4420 p.
437 4354 498 4407 203.

1035 4436 1148 4508 Ψ
