3000 4934
294 1311 583 1394 ADDENDA
613 1312 688 1392 ET
722 1310 1114 1396 OORRIGENDA.

145 1535 176 1588 P.
196 1536 220 1588 5.
239 1536 269 1584 in
288 1549 375 1599 many.
394 1535 430 1583 ad
448 1549 468 1586 c.
482 1533 640 1586 CCLXXX.
660 1533 729 1598 leye:
746 1531 779 1587 L.
799 1531 858 1587 Bai.
879 1535 920 1597 15,
934 1536 1005 1588 2-5
1024 1536 1087 1601 (pro
1106 1537 1196 1596 3-6).

145 1606 176 1660 P.
195 1608 221 1659 8.
240 1607 270 1656 in
288 1621 374 1671 marn.
393 1606 430 1655 ad
448 1605 545 1655 lineam
563 1607 588 1658 3.
609 1604 676 1669 leae:
694 1602 727 1657 L.
742 1602 799 1658 Vis.
817 1602 857 1671 Π,
877 1607 902 1671 5,
922 1607 939 1659 8
958 1611 1022 1671 (pro
1040 1603 1079 1672 Π,
1099 1607 1137 1671 5).

145 1677 175 1731 P.
195 1680 219 1740 9,
238 1682 302 1728 nota
320 1679 345 1730 2,
364 1675 551 1727 cmnmutanda
568 1681 606 1726 ent
623 1691 682 1726 oum
700 1680 765 1726 nota
783 1679 808 1731 3.

145 1748 174 1801 P.
195 1751 219 1802 9.
239 1749 269 1798 in
286 1763 372 1812 marn.
393 1748 429 1798 ad
446 1763 466 1801 c.
481 1746 667 1800 CCLXLVII.
687 1746 756 1812 leye:
773 1745 806 1801 L.
816 1742 878 1799 Vis.
898 1743 937 1813 H,
956 1748 1014 1811 4,4
1032 1749 1095 1814 (pro
1112 1750 1138 1813 4,
1152 1749 1191 1812 6).

144 1820 174 1887 P.
195 1821 236 1873 10.
256 1820 286 1869 in
304 1834 391 1884 marq.
410 1819 447 1869 nd
464 1834 484 1870 c.
498 1816 701 1870 CCLXLVIII.
720 1817 804 1868 adde:
822 1816 855 1869 L.
874 1816 933 1873 Bai.
955 1820 998 1884 15,
1010 1819 1035 1873 6.

144 1890 175 1941 Ρ.
196 1893 237 1952 15,
257 1897 320 1941 nota
338 1890 356 1941 b
370 1889 527 1955 praecedere
544 1889 672 1941 debuisset
689 1894 766 1940 notae
784 1905 807 1943 a.

144 1962 175 2012 P.
196 1962 236 2014 16.
256 1961 286 2011 in
304 1977 390 2026 marq.
410 1961 446 2010 ad
463 1977 484 2014 c.
498 1960 656 2011 CCCXXII.
677 1959 745 2025 leffe:
763 1958 795 2012 L.
811 1958 868 2013 Vis.
887 1957 939 2025 IV,
958 1962 1030 2024 2,14
1048 1963 1112 2025 (pro
1124 1957 1159 2025 V,
1172 1963 1197 2024 2,
1209 1961 1266 2024 14).

145 2032 175 2083 Ρ.
196 2035 237 2086 19.
256 2033 287 2082 in
298 2047 385 2096 marq.
405 2032 441 2081 ad
457 2046 477 2084 o.
489 2030 640 2082 CCCXXX
642 2032 671 2084 V.
685 2030 751 2095 leffe:
770 2029 801 2083 L.
812 2029 870 2084 Vis.
884 2028 936 2095 IV,
949 2033 1020 2096 2,12
1035 2028 1097 2098 (pro
1109 2028 1162 2095 IV,
1175 2032 1266 2095 2,11).

145 2103 176 2156 P.
194 2105 238 2168 39,
258 2119 285 2156 n.
300 2105 323 2155 1.
344 2103 414 2167 leffe:
433 2103 493 2156 621.
509 2116 564 2167 pro
582 2103 642 2155 620.

145 2173 176 2227 Ρ.
196 2175 239 2227 64.
257 2173 338 2236 infra
356 2189 386 2295 ng
401 2173 513 2223 rulm'nn
532 2173 600 2236 leffe:
619 2168 934 2224 OHINDASVINDUS
949 2186 1004 2236 pro
1017 2168 1267 2224 CNINDASVIN·

146 2314 176 2367 P.
190 2317 251 2379 269,
273 2315 290 2368 l.
303 2317 328 2369 5.
349 2315 415 2379 leffe:
427 2312 688 2381 quingentenariuse
696 2328 751 2379 pro
763 2311 1059 2382 quinquagentenarius
1071 2320 1095 2364 et
1107 2314 1175 2364 adde
1187 2314 1267 2377 infra

306 2392 396 2437 notam
415 2398 440 2449 e)
460 2386 500 2434 ita
518 2385 584 2447 Ε2,·
606 2384 901 2453 quinquagentenariun
920 2385 945 2435 R
957 2387 980 2439 1.

146 2457 176 2510 P.
196 2458 258 2520 316,
280 2457 296 2508 l.
311 2459 352 2511 13.
372 2473 456 2510 mens.
476 2454 559 2510 XHI.
578 2456 695 2519 sortasse
713 2456 920 2508 emendandum:
938 2472 1024 2511 mens.
1037 2453 1120 2510 VIII.

146 2528 176 2581 P.
196 2530 257 2591 316,
276 2544 302 2582 n.
318 2532 341 2582 1.
361 2529 431 2594 leffe:
450 2530 501 2582 ‘30.
521 2527 600 2593 Sept!
615 2544 668 2594 pro
687 2527 798 2582 ‘1.0ct.’

146 2600 176 2653 P.
196 2602 257 2662 321,
277 2599 293 2651 l.
308 2602 350 2654 13.
370 2601 439 2665 leffe:
458 2597 671 2667 consignandam
685 2615 740 2665 pro
758 2597 982 2667 consignandum.
