3000 4934
244 361 295 414 loa
449 354 528 410 LEX
545 352 661 411 VISIG.
679 349 949 408 Raouassvmn.
986 350 1022 418 V,
1042 354 1066 420 7,
1087 355 1110 409 1.
1129 357 1155 409 2.

293 539 419 604 ΧΙΙΙΙ.
455 538 508 603 De
539 536 799 603 condicionibus
829 557 849 599 a
877 535 1124 600 manumissore
1153 536 1191 599 in
1222 537 1366 622 scriptu-

456 632 557 692 ramss
582 625 784 689 manumissi
808 624 1020 708 conscriptis.

344 715 421 781 XV.
456 715 510 780 De
533 713 754 780 libertatibus
778 732 953 778 servorum
976 712 1155 777 fiscalium.

323 805 419 869 XVI.
454 803 508 868 De
532 803 666 868 libertis
690 805 726 867 et
748 801 851 866 rebus
875 801 1044 866 fiscalium
1067 821 1252 866 servorum

301 893 419 957 XVII.
454 892 508 956 Ne
536 891 654 956 liberti
681 884 762 955 velh
788 891 969 975 progenies
1000 910 1119 955 eorum
1149 884 1245 955 cum¹
1275 896 1366 977 post·

453 973 633 1046 remitate¹
652 979 790 1064 patroni
814 983 875 1042 aut
900 978 1060 1062 coniugia
1076 984 1287 1045 connectant
1303 985 1366 1045 aut

454 1070 503 1134 eis
526 1061 741 1133 insolentesk
767 1068 927 1131 existant.

282 1158 420 1224 XVIII.
455 1157 509 1222 Ne
537 1157 654 1281 liberti
680 1156 833 1239 religiosi
861 1157 905 1220 ad
928 1154 1130 1239 obsequium
1152 1158 1366 1223 reducantur

454 1246 591 1311 heredis
619 1292 627 1308 .

666 1451 690 1507 1.
721 1449 936 1521 sarronae.

292 1564 334 1628 si
364 1563 585 1648 mancipia
614 1564 704 1628 sive
735 1583 809 1647 per
839 1564 1104 1647 scripturam
1133 1584 1208 1629 seu
1238 1584 1313 1648 per

513 1655 673 1716 testem
703 1652 1087 1716 manumittantur.

287 1812 291 1820 .
348 1757 406 1822 Si1
437 1759 513 1841 quis
544 1758 692 1822 morIens
722 1777 784 1841 per
814 1758 1020 1841 scripturam
1055 1762 1117 1822 aut
1146 1759 1365 1842 presentibus

239 1846 387 1912 testibus
403 1847 642 1910 manumiserit
656 1847 830 1931 mancipia
852 1866 924 1924 sua,
944 1847 1117 1911 volumtas
1142 1848 1214 1912 eius
1235 1847 1365 1912 habeat

240 1937 449 2012 firmitatem,
475 1936 660 2000 dummodo
683 1935 790 1999 trium
814 1939 876 1999 aut
894 1936 1046 2018 quinque
1060 1935 1213 2014 testium,
1239 1935 1365 2019 quibus

241 2026 334 2089 credi
357 2025 474 2109 possit,
498 2017 761 2089 testimoniumb
790 2023 1031 2108 conprobetur.
1078 2022 1147 2089 Sed
1170 2028 1206 2088 et
1229 2024 1365 2089 libertis

240 2115 269 2176 si
293 2115 404 2197 quodc
433 2113 614 2178 donaverit
644 2114 703 2197 qui
733 2132 790 2178 eos
818 2113 1066 2191 manumIttiti,
1099 2117 1160 2177 aut
1189 2113 1364 2178 libertatis

239 2203 347 2286 ipsius
377 2203 547 2287 scriptura
578 2203 771 2278 contineat,
808 2205 870 2266 aut
898 2204 1018 2279 testes,
1051 2202 1110 2284 qui
1141 2201 1362 2280 adhibentur,

241 2295 440 2373 agnoscant,
465 2294 501 2354 et
523 2311 577 2355 res
601 2294 687 2374 aput
710 2290 853 2355 libertos
877 2291 1006 2355 donata
1029 2294 1240 2374 permaneat.

672 2448 711 2551 u.
742 2468 926 2565 marcus.

269 2606 312 2671 Si
342 2606 561 2671 alienum*
588 2627 757 2672 servum
784 2608 853 2673 vel
881 2628 1145 2673 communem
1172 2611 1328 2675 manci-

550 2697 667 2780 pium
696 2697 1043 2761 manumittatur.

347 2801 406 2865 si³
428 2803 504 2886 quis
528 2803 680 2868 alienum
704 2823 841 2868 servum
862 2803 920 2868 vel
943 2824 1124 2870 commune
1151 2805 1363 2889 mancipium

238 2891 477 2955 manumiserit
499 2892 536 2955 in
551 2892 711 2957 fraudem
727 2893 867 2970 domini,
892 2892 1035 2957 libertas
1052 2894 1135 2957 data
1149 2913 1221 2957 non
1235 2893 1361 2958 valeat.

239 2979 307 3044 Ille
329 2999 420 3058 vero,
445 2981 505 3063 qui
528 2981 767 3046 manumiserit
791 2981 943 3046 alienum
966 2982 1187 3066 mancipium,
1212 2982 1363 3046 alterum

238 3070 353 3153 preter
377 3068 478 3132 illum
494 3070 633 3134 domino
657 3072 739 3135 dare
763 3072 918 3153 cogatur.
966 3070 1003 3134 Si
1018 3090 1099 3135 vero
1123 3071 1282 3134 dominus
1306 3071 1362 3135 ad·

238 3158 416 3240 quieverit,
440 3162 481 3222 ut
504 3158 564 3223 ille
587 3158 677 3223 liber
692 3159 747 3236 sit,
772 3160 858 3223 duos
875 3159 1018 3223 vicarios
1037 3178 1152 3224 servos
1168 3180 1229 3243 pro
1244 3180 1363 3224 manu·

238 3246 340 3310 misso
357 3265 453 3312 servo
469 3248 648 3332 percipiat,
673 3250 708 3312 et
731 3247 876 3312 libertas
900 3249 983 3312 data
998 3248 1127 3313 babeat
1150 3248 1361 3313 firmitatem.

238 3333 314 3398 Hec
338 3337 459 3400 eadem
482 3340 517 3400 et
541 3337 583 3401 de
607 3336 744 3400 ancillis
767 3337 974 3421 precipimus
999 3336 1175 3401 custodiri.
1222 3337 1259 3400 Si
1286 3337 1362 3420 quis

238 3443 319 3488 sane
347 3424 424 3488 uult
452 3445 494 3489 ex
521 3418 720 3508 integrumb
750 3425 996 3491 manumittere
1027 3444 1208 3490 commune
1237 3426 1362 3489 manci-

237 3513 342 3595 pium,
375 3512 623 3598 presbyterum,
655 3514 715 3597 qui
745 3534 884 3597 presens
908 3517 970 3592 est,
994 3514 1052 3578 vel
1075 3515 1260 3578 diaconum
1286 3534 1361 3578 con·

344 3722 366 3767 g)
380 3719 494 3768 scriptura
508 3720 650 3760 manumlssis
664 3720 714 3762 122.
768 3720 791 3767 h)
806 3717 835 3760 (ie
850 3721 901 3764 cdd.
915 3721 963 3764 Rl.
1016 3722 1033 3774 i)
1047 3723 1080 3761 ita
1094 3722 1149 3773 1323
1165 3721 1218 3771 qum
1232 3723 1363 3772 prostremi-

238 3775 285 3810 tsts
299 3772 346 3813 Rl.
413 3771 438 3821 k)
452 3773 467 3814 i.
481 3783 516 3815 ax.
534 3774 578 3816 das.
591 3773 639 3816 Rl.
713 3772 729 3822 l)
742 3773 839 3817 XVIIII.
853 3775 888 3814 De
903 3777 1107 3825 transgressoribus
1121 3777 1254 3816 libertorum
1267 3776 1362 3824 nteriori

239 3828 360 3864 atramento
374 3825 403 3867 al.
417 3837 446 3867 m.
455 3830 509 3874 post
523 3826 574 3869 aad.
587 3826 636 3868 121.

344 3878 363 3920 Ι,
404 3880 426 3927 a)
440 3880 496 3918 deest
510 3878 559 3921 122.
613 3879 637 3931 b)
652 3879 780 3919 testlmonio
794 3880 843 3923 ΒΞ.
898 3883 919 3929 c)
934 3879 989 3930 quid
1003 3883 1052 3925 122.

344 3931 375 3974 11.
415 3934 437 3980 a)
451 3933 539 3972 alienus
553 3943 632 3973 servus
647 3933 685 3973 vel
699 3943 816 3974 commune
830 3945 859 3977 m.
873 3934 894 3972 Β
903 3935 922 3978 2.
976 3936 999 3983 b)
1013 3936 1102 3986 integro
1116 3937 1137 3974 Β
1146 3936 1166 3979 2.

239 4108 265 4174 1)
283 4108 325 4173 Cf.
343 4109 381 4159 ad
398 4109 467 4161 hanc
490 4116 514 4162 et
536 4111 657 4178 reliquas
677 4112 821 4180 plerasque
845 4113 927 4166 buius
952 4115 1028 4166 tituli
1052 4115 1119 4180 lepos
1144 4130 1211 4182 quoe
1235 4114 1363 4166 disseruit

239 4179 331 4246 Deba,
346 4181 469 4247 ‘Kenios'
485 4180 550 4247 1²1²,
568 4199 597 4249 p.
612 4184 664 4237 180
676 4199 730 4250 sqq.
785 4184 813 4251 2)
829 4184 870 4249 Cf.
884 4186 963 4250 intra
981 4188 1059 4252 c.13,
1076 4203 1105 4253 p.
1119 4187 1187 4248 lta·
1204 4185 1360 4240 FamJis.

237 4253 263 4305 2.
275 4253 300 4305 5.
314 4253 338 4306 6.
351 4254 395 4318 21,
415 4258 439 4304 ct
457 4268 524 4319 quae
541 4254 669 4306 admisci
685 4255 777 4309 Form.
792 4273 823 4323 p.
836 4257 897 4322 576,
917 4273 943 4310 n.
958 4258 982 4311 6.
1056 4256 1083 4323 3)
1102 4257 1143 4322 Of.
1162 4257 1195 4312 L.
1215 4257 1290 4311 Reos.
1305 4257 1360 4309 Vis.

238 4322 584 4393 0.ra.1V,9.1narpr.
