3000 4934
411 355 490 413 Lux
507 355 624 413 visle.
642 354 912 413 Raccussvmn.
948 354 1026 425 11,1‚
1041 358 1082 412 10.
1273 361 1309 414 45

186 562 254 626 quo
277 540 395 605 nullus
419 541 464 606 ad
480 560 618 606 oausam
633 540 816 605 dicendam
838 559 902 604 nec
925 543 1067 624 propter
1090 539 1231 623 aliquod
1254 541 1309 605 de·

187 630 300 695 bitum
310 630 458 695 fortasse
474 629 677 694 solvendum
691 648 899 713 quemquam
911 629 1105 712 inquietare
1121 633 1307 714 presumat.

187 719 320 785 Diebus
343 718 448 788 ctiam
464 717 666 784 Pascalibus
688 717 823 783 nullam
845 717 999 802 patimur
1022 717 1212 803 quemlibet
1236 738 1308 783 exe·

187 809 345 873 cutione⁰
372 806 494 885 teneri,
525 806 563 872 id
586 809 638 872 est
661 828 723 894 per
744 817 802 874 XV
825 807 907 885 dies,
936 810 1077 891 septem,
1107 807 1166 891 qui
1189 806 1308 873 Pasca-

187 898 256 963 lem
272 897 542 963 sollemnitatem
557 896 756 981 precedunt,
782 899 818 961 et
841 898 974 980 septem
990 896 1085 973 alios,
1110 897 1170 981 qui
1193 916 1309 962 secun·

186 991 255 1050 tur.
301 985 506 1050 Nativitatis
529 1004 665 1069 quoque
689 984 884 1062 Dominice,
911 984 1202 1062 Oircumcisionis,
1232 984 1309 1069 Epi·

187 1069 349 1160 phaniel,
373 1074 593 1140 Ascensionis
624 1077 660 1140 et
687 1074 918 1139 Pentecosten
948 1074 1076 1157 singuli
1104 1075 1177 1139 dies
1205 1073 1310 1138 simili

187 1163 381 1229 reverentia
395 1167 613 1228 venerentur.
660 1162 805 1228 Necnon
829 1166 865 1227 et
887 1183 950 1247 pro
965 1163 1119 1228 messivis
1135 1184 1156 1228 a
1170 1174 1236 1231 XV.
1254 1162 1309 1227 ka·

187 1253 307 1317 lendas
346 1253 498 1336 Agustas
535 1272 643 1335 usque
682 1252 727 1316 ad
763 1254 851 1319 liv-⁰
890 1251 1055 1316 kalendas
1091 1251 1310 1337 Septembres

187 1342 232 1405 In
248 1339 490 1424 Cartaginensi
512 1361 593 1405 vero
616 1339 792 1424 provincia
814 1343 955 1425 propter
973 1340 1186 1405 locustarum
1201 1343 1310 1405 vasta·

187 1431 319 1494 tionem
347 1428 527 1494 adsiduam
550 1449 571 1494 a
592 1439 659 1497 XV.
681 1428 847 1495 kalendas
867 1429 977 1493 Iulias
1000 1449 1108 1513 usque
1135 1430 1172 1494 in
1195 1430 1311 1494 kalen-

189 1519 250 1582 das
273 1519 425 1603 Agustas
454 1517 616 1582 messivae
644 1518 750 1583 ferias
780 1518 989 1603 precipimus
1017 1517 1246 1584 observandas
1275 1522 1310 1582 et

187 1609 330 1692 propter
355 1606 546 1671 vindemias
574 1606 786 1691 colligendas
816 1628 837 1670 a
862 1618 929 1676 XV·
953 1606 1120 1672 kalendas
1144 1607 1310 1674 Octobres

188 1716 295 1780 usque
318 1696 364 1760 ad
386 1706 452 1764 XV.
468 1694 635 1760 kalendas
658 1695 880 1761 Novembres.
925 1695 1093 1762 Omnibus
1120 1697 1210 1762 hanc
1235 1716 1311 1760 con-

188 1785 405 1851 stitutionem
429 1784 658 1862 concedimus,
689 1788 730 1849 ut
760 1805 822 1870 per
851 1787 915 1851 hec
945 1789 1103 1870 tempora
1124 1785 1243 1850 nullus
1266 1786 1311 1848 ad

188 1894 326 1939 causam
349 1874 531 1939 dicendam
550 1874 668 1939 venire
692 1876 837 1959 cogatur
859 1875 915 1940 vel
939 1874 1002 1940 sub
1027 1875 1229 1940 executione
1253 1873 1311 1936 ali-

188 1984 256 2047 qua
286 1963 489 2047 deputetur;
525 1963 593 2027 nisi
625 1964 718 2029 forte
749 1984 866 2038 causa,
902 1985 964 2049 pro
994 1984 1063 2088 qua
1090 1984 1199 2048 conpe
1214 1963 1309 2038 litur,

189 2055 289 2136 cepta
318 2052 388 2116 iam
418 2056 504 2136 aput
531 2052 683 2117 iudicem
709 2052 817 2117 fuisse
839 2053 1032 2120 videatur.
1077 2051 1168 2116 Nam
1191 2051 1312 2136 procul

189 2140 304 2218 dubio,
336 2141 392 2206 sig
417 2141 556 2206 incoata
577 2140 686 2206 fuisse
709 2141 826 2206 hactio
848 2141 1053 2225 repperitur,
1082 2141 1127 2204 ad
1149 2160 1311 2225 peragen-

189 2229 273 2291 dum
294 2229 474 2313 negotium
496 2228 624 2314 absque
647 2229 721 2294 ulla
742 2230 947 2295 feriatorum
967 2230 1102 2296 dierum
1117 2229 1312 2295 obiectione

190 2317 363 2401 cogendus
394 2321 446 2383 est
475 2319 535 2403 qui
558 2319 733 2403 pulsatur;
764 2319 816 2383 ita
844 2323 894 2398 ut,
927 2319 956 2384 si
985 2339 1131 2404 persona
1161 2321 1223 2396 est,
1255 2317 1311 2382 cui

189 2405 293 2471 facile
322 2407 416 2472 credi
445 2408 562 2492 possit,
594 2407 724 2493 placito
752 2409 931 2474 districtus
955 2408 1134 2487 abscedat;
1166 2409 1195 2472 si
1218 2410 1312 2472 certe

189 2495 244 2573 sit,
269 2495 312 2560 de
336 2496 433 2560 cuius
449 2496 517 2563 fide
534 2497 723 2575 dubitetur,
748 2518 810 2583 pro
831 2519 867 2563 se
883 2498 1119 2563 fideiussorem
1135 2496 1310 2573 adhibeat,

188 2587 358 2668 quatenus
388 2587 537 2670 peractis
566 2586 781 2671 temporibus
811 2587 1019 2672 supradictis
1049 2587 1094 2651 ad
1124 2586 1312 2651 finiendam

189 2694 266 2737 cum
290 2668 460 2758 petitore¹¹
485 2695 632 2754 causam,
657 2675 719 2741 ubi
741 2676 845 2742 iudex
868 2676 1048 2762 helegerit,
1073 2678 1206 2740 remota
1229 2673 1312 2738 dila·

187 2761 282 2828 tione
299 2768 474 2830 occurrat:
498 2767 614 2849 preter
632 2765 692 2848 qui
710 2758 800 2831 talei
820 2766 949 2831 crimen
965 2763 1177 2842 admiserint,
1201 2757 1308 2847 quos¹¹

188 2871 325 2917 necesse
350 2852 395 2917 sit
418 2854 627 2919 sententiam
651 2855 771 2919 mortis
795 2855 920 2940 puniri,
951 2854 1011 2938 qui
1041 2853 1147 2920 etiam
1175 2853 1213 2917 in
1235 2851 1312 2916 tali-

189 2938 253 3004 bus
283 2941 421 3006 omnino
450 2942 571 3008 diebus
595 2946 630 3008 et
653 2944 957 3029 conprehendendi
980 2947 1061 3008 sunt
1085 2947 1120 3009 et
1144 2943 1253 3007 ardua
1274 2942 1312 3004 in

187 3023 353 3093 vinculisl
383 3031 541 3095 custodia
568 3031 751 3110 retinendi,
783 3053 969 3117 quousque,
1001 3034 1142 3117 peracto
1166 3032 1221 3096 die
1245 3031 1311 3094 Do-

189 3117 315 3180 minico
330 3117 386 3181 vel
402 3119 499 3182 feriis
515 3120 732 3203 supradictis,
757 3121 877 3186 debita
897 3141 954 3187 eos
978 3121 1208 3204 subsequatur
1222 3118 1312 3182 ultio

189 3203 386 3268 iudicantis.
425 3205 582 3272 Messivis
605 3227 687 3274 sane
709 3208 765 3274 vel
787 3209 1054 3274 vindemialibus
1077 3208 1173 3272 feriis
1196 3207 1233 3270 in
1252 3207 1312 3271 cri·

190 3291 339 3357 minosas
363 3297 399 3357 et
415 3293 537 3378 dignas
552 3296 656 3360 morti
671 3303 863 3384 personas¹¹¹
882 3296 1006 3381 legalis
1021 3295 1222 3360 nullatenus
1238 3316 1312 3360 cen·

190 3401 271 3445 sura
301 3382 464 3460 cessabit;
503 3383 563 3449 sed
597 3405 661 3450 neo
695 3385 796 3450 illum
825 3385 894 3449 ista
929 3384 985 3450 lex
1020 3386 1221 3450 excusatum
1255 3384 1312 3446 ha·

189 3469 296 3548 bebit,
320 3471 380 3554 qui
394 3473 544 3538 necdum
559 3474 625 3538 ad¹¹
643 3474 811 3540 iudicium
827 3476 908 3539 ante
924 3473 1119 3558 conpulsus,
1145 3475 1181 3538 et
1194 3474 1321 3537 tamen·

190 3560 300 3625 sciens
331 3580 403 3628 esse
434 3566 490 3627 se⁰
517 3564 797 3649 quandoquidem
827 3563 1070 3652 conpellendo,
1105 3561 1246 3647 reliquis
1277 3581 1312 3626 sc

189 3648 404 3736 temporibus
419 3651 570 3716 dilatans
593 3653 638 3717 ad
662 3653 728 3718 hoc
749 3653 787 3716 in
806 3653 972 3740 predictis
994 3651 1092 3719 feriis
1113 3650 1176 3730 illi,
1201 3672 1223 3715 a
1245 3671 1312 3736 quo

190 3737 380 3822 pulsandus
409 3742 470 3817 est,
502 3760 538 3807 se
565 3741 806 3808 indubitanter
828 3742 991 3821 ostendit,
1022 3742 1124 3826 quior
1151 3742 1254 3825 putat
1276 3759 1312 3804 se

190 3827 235 3890 ad
263 3847 402 3906 causam
430 3829 612 3895 dicendam
634 3830 734 3895 nulla
755 3831 842 3915 legis
866 3831 1043 3898 sanctione
1066 3850 1166 3915 posse
1189 3829 1311 3895 teneri.

191 3914 301 3994 Quem
335 3920 453 3982 tamen
488 3923 549 3983 aut
583 3940 645 4003 per
675 3919 844 4005 placitum
873 3920 1056 4005 distringis
1093 3919 1311 4004 precipimus,

297 4143 318 4190 c)
332 4142 489 4186 executionem
499 4144 594 4185 sauneri
607 4145 656 4189 Bt.
696 4144 721 4194 d)
735 4145 869 4196 Epaphum
882 4146 934 4199 313
950 4145 1157 4198 npnlptsntcm.
1198 4145 1312 4198 a)aXVX

288 4195 328 4237 XV
342 4197 392 4246 121,
411 4197 448 4236 uti
461 4199 546 4237 numm
560 4203 667 4249 sepum
680 4199 721 4241 VX
730 4211 776 4250 pro
790 4200 830 4242 XV
844 4201 991 4250 scripum.
1049 4198 1189 4251 ovidutur
1202 4220 1228 4229 —
1243 4199 1313 4239 nom

228 4278 234 4291 ·
290 4279 296 4292 ·
377 4249 538 4345 debili?
555 4251 643 4355 ‘aaa
674 4252 732 4346 εἶ’
749 4254 927 4355 bitti&
936 4255 966 4347 1¹³
975 4254 995 4298 ²·
1003 4308 1035 4357 a>
1063 4253 1250 4359 ‚dirimit
1264 4252 1313 4344 a·

191 4356 322 4396 credun
335 4314 387 4401 Bqu
439 4357 463 4410 p)
476 4334 519 4407 qui
530 4358 579 4402 121.
633 4337 858 4410 vcomtrinoelltl.
949 4339 955 4351 ’
1047 4318 1062 4358 p
1145 4338 1151 4352 ⁰
1306 4334 1313 4347 .
