3000 4934
323 373 400 428 LEX
419 374 534 431 VISIG.
553 374 821 431 Raocnssvnln.
858 375 942 442 VHI,
961 379 986 444 6,
1000 380 1078 433 1-3.
1209 381 1261 434 259

140 578 206 639 que
235 560 403 621 vocantur
433 556 659 632 caracteres¹;
695 558 787 621 unde
818 559 932 641 potius
962 579 1033 622 non
1063 580 1124 642 per
1153 580 1260 621 unum

141 649 348 709 caracterem
384 646 480 709 fraus
514 650 687 709 nascatur.
746 645 810 708 111θ
847 647 875 708 si
909 647 985 729 quis
1021 650 1159 710 contra⁰
1195 648 1260 711 hoc

139 734 262 797 fecerit
291 734 402 815 adque
431 734 583 798 alienum
607 735 781 817 signatum
804 735 975 818 inruperit
985 736 1005 812 ²,
1038 735 1183 819 duplum
1213 756 1260 800 re-

140 823 264 884 stituat
279 821 342 898 illi,
361 817 480 885 cuius‘l
499 823 594 886 fraus
610 821 720 886 inlata
737 826 798 898 est,
821 826 856 887 et
879 826 1036 906 preterea
1051 834 1107 887 XX
1122 824 1261 906 flagella

138 911 313 994 suscipiat.

557 1027 596 1084 11.
627 1027 840 1096 ANTIQUAa.

391 1139 434 1202 Si
465 1140 662 1202 damnum
692 1140 866 1203 faciant
897 1160 1008 1224 apes.

246 1245 283 1308 Si
312 1245 388 1327 quis
419 1245 576 1328 appiaria
605 1247 641 1309 in
672 1245 813 1309 civitate
844 1249 905 1308 aut
935 1247 971 1308 in
996 1246 1079 1309 villa
1101 1246 1259 1309 forsitam

139 1333 379 1408 construxerit,
405 1335 440 1397 et
464 1333 524 1396 alii
548 1334 712 1397 damnum
735 1327 958 1410 intulerintl,
985 1335 1104 1397 statim
1128 1355 1260 1398 monea-

138 1425 205 1496 tur,
235 1425 276 1484 ut
299 1426 358 1485 ea⁰
387 1423 424 1484 in
448 1421 576 1486 abditis
604 1421 689 1485 locis
712 1422 901 1486 transferre
926 1423 1059 1497 debeat,
1091 1443 1134 1486 ne
1164 1423 1260 1486 forsi-

138 1514 210 1573 tam
234 1511 270 1571 in
294 1505 435 1573 eodemd
459 1510 536 1574 loco
560 1511 757 1575 hominibus
781 1514 842 1573 aut
866 1511 1072 1574 animalibus
1097 1511 1260 1573 damnum

137 1599 300 1662 inferant.
341 1598 386 1661 Et
409 1599 469 1681 qui
491 1600 557 1662 hec
573 1602 736 1683 precepta
759 1603 821 1661 aut
843 1600 1050 1663 testationee
1072 1599 1260 1664 neclexerit

138 1690 174 1751 et
197 1688 361 1750 damnum
384 1681 655 1751 subfocationisf
678 1688 952 1777 iniquatrupesss
974 1687 1142 1763 intulerit,
1168 1689 1260 1771 quod

138 1778 311 1839 mortuum
327 1776 444 1852 fuerit,
463 1775 608 1859 duplum
624 1776 797 1853 restituat,
823 1777 915 1858 quod
930 1796 1010 1840 vero
1027 1776 1257 1851 debilitatum,

137 1864 197 1927 ille
227 1864 384 1928 obtineat
411 1868 447 1928 et
478 1863 625 1929 similem
655 1865 794 1929 domino
824 1865 948 1928 reddat
978 1867 1014 1927 et
1044 1886 1105 1947 pro
1136 1864 1258 1927 iudicis

138 1953 399 2027 contestatione,
432 1974 536 2034 quam
567 1953 686 2017 audire
715 1952 880 2027 neclexit,
910 1964 938 2018 V
961 1952 1088 2015 solidos
1119 1955 1258 2015 coactus

137 2041 284 2104 exolvat.

235 2210 289 2263 ΙΠ.
320 2210 488 2265 FLAVIUS
508 2208 723 2264 GLORIOSUS
742 2208 1051 2264 REOCESSVINDUS
1069 2209 1156 2264 REX.

469 2322 529 2386 De
559 2322 726 2386 furatis
757 2322 923 2404 apibus.

244 2428 280 2491 si
315 2429 391 2511 quis
425 2429 595 2512 ingenuus
629 2430 666 2492 in
701 2429 857 2512 appiaria
891 2429 979 2491 furti
1014 2449 1117 2492 causa
1150 2430 1257 2493 fuerit

136 2518 405 2600 conprehensus,
442 2518 471 2580 si
500 2517 589 2581 nihil
622 2517 744 2582 exinde
776 2516 973 2594 abstulerit,
1009 2521 1150 2602 propter
1180 2518 1255 2596 hoc,

135 2607 227 2688 quod
262 2606 390 2670 ibidem
427 2607 682 2690 conprehensus
717 2609 783 2681 eat,
819 2608 891 2670 tres
922 2606 1048 2670 solidos
1079 2606 1191 2671 solvat
1221 2609 1257 2671 et

135 2694 313 2776 Lflagella
336 2695 511 2779 suscipiat.
549 2694 733 2759 Ceterum⁸
756 2694 785 2757 si
808 2694 1001 2770 abstulerit,
1026 2694 1256 2779 novecuplum

135 2788 278 2865 cogatur
317 2783 474 2848 exolvere
513 2786 549 2847 et
585 2784 779 2868 predictum
818 2803 1001 2847 numerum
1039 2783 1255 2866 flagellorum

134 2872 293 2954 excipiat.
346 2871 497 2935 Servus⁸
524 2892 618 2948 vero,
650 2872 679 2934 si
709 2872 908 2954 ingressus²
941 2871 1031 2933 nihil
1061 2870 1252 2948 abstulerit,

134 2970 155 3022 0
178 2958 378 3023 verberibus
402 2952 622 3022 addicaturb.
670 2957 771 3037 Quod
794 2960 823 3022 si
846 2958 1039 3036 abstulerit,
1068 2958 1249 3043 sexcuplo⁰

133 3047 276 3110 reddere
313 3046 545 3130 conpellatur;
586 3068 647 3130 pro
686 3067 754 3129 quo
793 3048 822 3109 si
860 3047 1018 3110 dominus
1056 3048 1254 3112 satisfacere

132 3134 297 3209 noluerit,
338 3155 417 3198 eum
452 3135 659 3198 serviturum
693 3134 760 3210 illi,
800 3135 860 3217 qui
898 3135 1060 3198 damnum
1099 3135 1252 3219 pertulit,

132 3223 259 3286 tradat.

239 3395 502 3444 c)1·}tlrquulcoutra
516 3396 565 3438 Bt.
619 3392 642 3443 d)
656 3397 689 3433 θέα
703 3395 771 3438 m
781 3406 826 3444 pro
840 3395 883 3436 cul.

239 3450 268 3490 11.
303 3449 457 3496 mamm.
506 3449 708 3497 bllntulorltltt.
750 3449 885 3496 clearBl.
930 3445 953 3496 d)
968 3445 1107 3490 eadele.
1148 3450 1170 3495 e)
1185 3451 1253 3489 testa·

132 3502 214 3540 tlonem
230 3503 278 3544 122.
333 3502 519 3549 osulfocatlonlr
534 3503 583 3544 122.
637 3504 659 3551 g)
673 3511 740 3550 rupen
755 3503 803 3544 Ra.

207 3556 280 3647 ddIll.
314 3558 336 3603 a)
350 3555 375 3596 81
388 3566 468 3595 servus
483 3567 537 3595 vcro
551 3553 681 3605 lngredienr
695 3556 744 3597 Bt.
787 3555 811 3602 b)
824 3552 943 3594 abdicatur
957 3555 1004 3597 Rl.
1045 3557 1065 3603 c)
1079 3554 1188 3604 sexcupla
1201 3555 1251 3604 122,

131 3608 168 3645 ubi
181 3619 205 3647 re
239 3620 277 3648 erc
290 3610 353 3651 decet.

132 3750 158 3816 1)
176 3751 217 3814 Cf.
237 3767 322 3818 supra
336 3751 413 3817 VIII,
434 3752 460 3817 5,
473 3753 507 3813 8,·
525 3753 606 3804 ctiam
625 3750 673 3803 hoc
691 3751 746 3803 loco
763 3757 923 3802 caracterem
941 3751 979 3816 td,
997 3752 1066 3817 quod
1084 3766 1133 3802 noc
1152 3750 1252 3802 ‘Haus-

130 3822 381 3948 fflibtffiltgfy
401 3823 542 3888 clynifiarc
560 3823 727 3876 crediderim.
789 3822 816 3888 2)
835 3821 876 3886 Of.
890 3822 942 3876 Ed.
956 3822 1033 3876 Roth.
1048 3824 1109 3877 319.
1164 3821 1191 3887 3)
1209 3822 1250 3885 Cf.

558 4073 824 4081 -————--—
