3000 4934
373 388 451 445 Lux
470 387 585 446 VISIG.
604 385 872 444 Ruucussvml).
909 385 987 454 11,1,
1006 388 1049 442 22.
1068 388 1110 443 23.
1273 387 1307 442 53

186 594 288 638 suum
311 573 434 637 ducem
456 571 590 636 aditum
615 571 801 636 accedendi
828 570 1022 654 poposcerit
1053 563 1135 633 autd
1162 569 1308 633 fortasse

187 662 344 727 eumdem
369 661 492 725 ducem
515 662 713 745 suspectum
744 657 872 724 habere
895 659 1029 733 dixerit,
1061 678 1132 722 non
1154 655 1218 722 sub
1242 657 1308 721 hac

186 751 364 816 occasione
387 750 516 835 petitor
539 749 604 813 hac
628 749 807 833 presertim
832 766 962 832 pauper
985 745 1131 830 quilibet
1154 746 1309 829 patiatur

186 840 280 904 ultra
308 839 486 905 dilatione.
534 838 602 902 Sed
632 837 707 922 ipsi,
739 837 798 921 qui
828 836 985 901 iudicant
1016 836 1088 900 aius
1119 833 1306 918 negotium,

185 929 279 993 unde
303 928 453 1012 suspecti
484 927 668 992 dicuntur⁰
698 925 826 1002 haberi,
859 946 938 991 cum
968 924 1127 1009 episcopo
1158 923 1308 988 civitatis

186 1010 252 1082 adf
278 1016 450 1102 liquidum
473 1016 663 1081 discutiant
686 1016 798 1099 adque
821 1006 1057 1099 pertractentf
1077 1017 1139 1078 etg
1158 1005 1221 1076 deh
1241 1033 1308 1096 quo

186 1106 416 1171 iudicaverint
446 1105 576 1189 pariter
603 1104 821 1169 conscribant
845 1103 1108 1185 suscribantque
1131 1100 1307 1165 iudicium.

186 1195 232 1259 Et
255 1195 315 1279 qui
338 1196 537 1278 suspectum
559 1193 709 1257 iudicem
733 1193 860 1257 habere
884 1185 937 1257 se¹
964 1192 1107 1267 dixerat,
1136 1190 1165 1254 si
1189 1194 1310 1255 contra

187 1303 267 1348 eum
290 1284 450 1367 deinceps
472 1282 581 1346 fuerit
604 1280 825 1366 querellatus,
851 1280 1019 1365 conpletis
1036 1279 1139 1364 prius,
1165 1298 1230 1361 que
1249 1299 1309 1363 per

187 1371 354 1436 iudicium
384 1373 518 1436 statuta
548 1372 639 1445 aurit,
671 1370 758 1434 sciat
786 1369 852 1435 sibi
876 1372 961 1453 aput
985 1368 1197 1433 audientiam
1220 1368 1309 1451 prin·

188 1461 272 1545 cipis
294 1459 469 1544 appellare
484 1453 656 1523 iudicemk
675 1479 748 1524 esse
764 1458 981 1543 permissum;
1006 1457 1057 1522 ita
1079 1459 1128 1532 ut,
1155 1456 1183 1520 si
1206 1456 1310 1521 iudex

187 1549 243 1614 vel
273 1549 431 1614 sacerdos
461 1548 612 1633 repperti
641 1548 774 1613 fuerint
797 1547 956 1631 nequiter
979 1546 1157 1622 iudicasse,
1191 1547 1226 1609 et
1255 1564 1309 1610 res

187 1638 306 1703 ablata
333 1637 543 1721 querellanti
570 1638 775 1702 restituatur
798 1637 842 1700 ad
866 1637 1051 1719 integrum,
1083 1636 1119 1701 et
1142 1654 1162 1699 a
1186 1633 1310 1719 quibus

187 1727 297 1804 aliter,
329 1747 433 1810 quam
455 1726 583 1793 veritas
607 1725 740 1802 habuit,
768 1725 960 1790 iudicatum
984 1726 1036 1789 est
1060 1722 1149 1787 aliut
1170 1726 1310 1788 tantum

187 1817 230 1882 de
253 1814 356 1881 rebus
380 1816 525 1901 propriis
550 1816 581 1879 ei
605 1816 650 1879 sit
674 1815 902 1880 satisfactum.
950 1812 987 1877 Si
1004 1815 1097 1877 certe
1120 1805 1302 1876 iniustam¹

187 1908 307 1970 contra
337 1906 487 1970 iudicem
518 1903 708 1988 querellam
736 1903 901 1968 detulerit
929 1906 964 1967 et
988 1922 1136 1979 causam,
1169 1901 1211 1965 de
1242 1921 1310 1982 qua

186 1995 311 2077 agitur,
336 1995 426 2058 iuste
449 1994 639 2058 iudicatam
658 1993 764 2056 fuisse
789 1991 994 2067 constiterit,
1020 1991 1193 2064 damnum,
1218 1990 1310 2072 quod

186 2084 290 2147 iudex
317 2083 439 2147 sortire
463 2081 595 2157 debuit,
626 2081 756 2164 petitor
786 2080 992 2144 sortiaturm.
1039 2078 1136 2142 Etsi
1160 2098 1229 2141 non
1253 2078 1310 2140 ha·

187 2171 311 2247 buerit,
336 2171 429 2235 unde
454 2169 724 2253 conpositionem
749 2167 894 2244 exolvat,
920 2166 1129 2251 ciiagellisn
1149 2168 1309 2231 extensus

187 2258 325 2342 publice
349 2258 385 2322 in
409 2258 562 2322 eiusdem
585 2257 708 2321 iudicis
732 2257 939 2341 presentiam
965 2255 1173 2321 verberetur.
1220 2253 1310 2319 Nam

188 2348 236 2411 si⁰
264 2347 355 2411 forte
386 2347 566 2430 quisquam
588 2366 650 2432 pro
674 2345 891 2410 hutilitatem
913 2344 1045 2429 regiam
1069 2344 1200 2428 aliquid
1223 2344 1309 2409 scire

187 2457 223 2500 se
247 2436 381 2514 dixerit,
407 2436 522 2500 aditus
547 2436 577 2501 ei
602 2436 671 2499 adl’
692 2438 914 2519 conspectum
938 2437 1054 2499 nostre
1078 2434 1186 2517 glorie
1210 2434 1308 2498 dene·

186 2526 260 2609 gari
284 2546 353 2590 non
376 2525 514 2610 poterit.

368 2714 480 2772 XXIII.
511 2713 680 2771 FLAVIUS
699 2712 1014 2770 CHINDASVINDUS
1032 2711 1120 2770 REX.

325 2828 479 2906 Iudex,
511 2827 709 2910 qualiter
738 2826 880 2891 faciat
911 2825 1166 2891 iudicatum.

295 2952 330 3015 Si
355 2952 397 3016 dc
421 2952 649 3017 facultatibus
672 2951 727 3016 vel
752 2952 794 3016 de
817 2950 920 3016 rebus
942 2950 1099 3015 maximis
1123 2949 1309 3014 autetiam

188 3040 301 3122 dignis
317 3041 497 3123 negotium
513 3041 675 3123 agitetur,
695 3040 808 3115 iudex,
833 3038 1050 3124 presentibus
1066 3038 1220 3120 utrisque
1237 3057 1309 3121 pur·

186 3127 291 3206 tibus,
317 3129 406 3191 duo¹²
426 3129 554 3193 iudicia
578 3129 620 3192 de
643 3147 680 3192 re
701 3120 874 3192 discussab
895 3127 1097 3205 conscribat,
1123 3145 1189 3209 que
1205 3124 1310 3189 simili

186 3219 287 3281 textu
317 3218 353 3281 et
383 3216 612 3302 suscriptione
641 3215 803 3281 roborata
833 3215 1049 3299 litigantium
1080 3217 1196 3298 partes
1226 3213 1310 3278 acci·

187 3304 296 3392 piant.
334 3303 435 3370 Certe
459 3306 488 3370 si
511 3306 554 3370 de
570 3304 673 3369 rebus
697 3304 839 3368 modicis
863 3306 958 3368 mota
980 3303 1088 3368 fuerit
1112 3301 1213 3379 actio,
1238 3301 1310 3366 sole

188 3394 407 3459 condiciones
416 3393 436 3473 ¹,
462 3395 506 3459 ad
522 3414 606 3477 quas
623 3393 815 3471 iurantur0,
841 3396 926 3476 aput
945 3412 1033 3470 eum,
1058 3391 1117 3477 qui
1132 3391 1243 3456 victor
1259 3410 1310 3456 ex-

186 3483 309 3560 titerit,
335 3504 397 3567 pro
418 3483 563 3548 hordine
587 3482 706 3547 iudicii
730 3482 936 3547 habeantur.
983 3481 1036 3547 De
1052 3480 1177 3565 quibus
1192 3483 1310 3545 tamen

188 3572 447 3638 condicionibus
472 3575 507 3638 ct
530 3571 599 3648 ille,
632 3571 691 3657 qui
714 3571 826 3644 uictus
846 3575 907 3650 est,
940 3571 984 3637 ab
1007 3571 1136 3637 eisdem
1161 3568 1310 3635 testibus

186 3661 385 3726 roboratum
417 3662 590 3747 exemplar
620 3660 773 3727 habebit.
822 3658 923 3741 Quod
952 3660 981 3725 si
1011 3680 1099 3748 pars,
1130 3653 1218 3744 qued
1248 3679 1310 3743 pro

187 3751 327 3834 negotio
343 3771 557 3834 quocumque
574 3749 792 3835 conpellitur,
818 3750 971 3835 professa
986 3749 1094 3816 tuerit
1117 3751 1202 3833 aput
1225 3747 1309 3812 iudi·

295 3939 432 3989 duellii.
486 3940 690 3990 odicmtural.
744 3938 1068 3991 ond—pertractem&
1090 3939 1198 3984 doaRl.
1251 3942 1311 3989 vet

187 3996 243 4034 deest
258 3996 306 4038 Rl.
315 3996 334 4037 2.
416 3996 440 4044 h)
453 3993 482 4034 do
497 4016 522 4025 -
537 3995 682 4036 conscribant
694 3995 738 4038 dea.
753 3994 801 4037 na.
875 3994 892 4042 i)
906 3994 963 4033 deest
977 3994 1026 4037 aa.
1100 3990 1248 4042 trinorcium
1261 3992 1310 4036 ΕΙ.

188 4049 203 4098 1)
218 4049 358 4091 lulustan.
413 4048 618 4096 inhortatur-132.
673 4048 804 4097 milam.
859 4049 950 4096 omme
966 4048 1012 4092 131.
1066 4047 1310 4098 pusonrpeotolii.

187 4153 239 4195 dl
294 4102 377 4145 xxm.
424 4106 446 4150 a)
465 4099 509 4141 dua
525 4102 573 4144 Rl.
654 4101 677 4149 b)
695 4099 785 4142 discute
800 4101 848 4144 Ill.
932 4103 953 4149 c)
971 4101 1003 4139 lta
1018 4100 1066 4144 131.
1085 4099 1140 4150 El,-
1160 4099 1310 4141 tumtunm.

203 4158 281 4204 licut
295 4157 343 4198 131.

189 4298 215 4361 1)
234 4297 400 4351 omilium
424 4297 557 4363 formulae
582 4303 810 4351 sacranrentorum
833 4299 949 4367 scriptae
971 4295 1141 4360 dacbertum·
1165 4295 1200 4362 cf.
1219 4295 1311 4352 rem.

193 4368 248 4424 Vis.
264 4386 292 4438 p.
306 4372 349 4436 89,
369 4368 425 4425 LL.
445 4369 536 4424 Form.
552 4386 581 4438 p.
594 4370 654 4425 692.
