3000 4934
226 353 278 406 leo
392 346 468 402 Lxx
489 345 602 402 l'lSIG.
621 344 890 399 chffism'n.
927 344 978 411 VI,
996 348 1022 411 4,
1041 348 1121 401 5-8.

223 532 411 605 subiacere,
447 531 551 594 huius
584 530 635 593 rei
669 529 847 591 convictus
881 532 1075 610 presumtor
1109 549 1150 592 ca
1180 531 1353 592 continuo

224 619 392 705 pericula,
435 618 662 701 ingnominia.
701 619 875 680 tormenta
913 617 1025 698 adque
1064 618 1256 680 cruciatum
1290 619 1353 681 vel

225 710 352 773 damna
379 707 558 781 amitineat.
589 727 655 788 que
683 705 744 768 alii
772 704 894 767 intulit
915 705 971 768 vel
994 705 1176 769 inferenda
1203 706 1353 769 molitus

225 800 287 873 est
312 798 424 879 adque
444 797 585 879 insuper
600 805 622 859 C
638 794 776 877 publice
796 792 1012 875 flagellorum
1026 794 1226 858 verberibus
1248 816 1353 859 cesus

225 887 270 951 al
294 905 479 970 perennem
503 884 681 946 infamiam
705 882 907 946 deformiter
929 882 1140 946 decalvetur.

440 1072 491 1127 VI.
524 1070 694 1126 FLAVIL'S
713 1070 1027 1126 CHINDASVINDUS
1044 1071 1133 1128 REX.

272 1185 331 1249 Nc
360 1186 419 1248 sit
446 1205 561 1259 reus,
592 1185 666 1266 qui
694 1187 927 1267 percutere
949 1184 1171 1248 volentem
1199 1188 1303 1248 ante

644 1272 928 1356 percusserit.

333 1380 366 1443 N
368 1401 413 1443 on
436 1383 489 1444 est
513 1381 668 1464 putanda
687 1379 880 1443 resistentis
895 1378 1097 1462 inprobitas,
1118 1378 1179 1441 ubi
1193 1379 1353 1443 violenta

227 1469 462 1553 conspicitur²
490 1469 718 1552 presumentis
746 1468 900 1531 audacia.
948 1467 1162 1550 Quicumque
1190 1488 1272 1550 ergo
1300 1469 1352 1530 in-

227 1561 328 1623 caute
346 1558 591 1641 presumtiosus
607 1557 700 1619 fuste
716 1556 771 1619 vel
787 1556 903 1638 gladio
927 1577 988 1619 seu
1011 1577 1225 1638 quocumque
1249 1557 1353 1620 hictu

227 1650 406 1732 percutere
423 1645 573 1728 aliquem
588 1646 697 1708 iratus
712 1645 862 1708 voluerit
884 1645 940 1708 vel
964 1645 1179 1728 percusserit,
1204 1647 1240 1708 et
1262 1648 1352 1709 tunc

226 1735 319 1798 idem
343 1739 535 1819 presumtor
558 1734 601 1797 ab
625 1754 675 1811 eo,
700 1754 802 1815 quem
824 1737 1004 1817 percutere
1022 1733 1143 1810 voluit,
1167 1734 1218 1796 ita
1239 1734 1354 1797 tuerit

228 1843 417 1910 percussus,
442 1826 483 1885 ut
506 1824 682 1897 moriatur,
710 1822 792 1885 talis
816 1843 906 1885 mors
930 1843 991 1906 pro
1015 1822 1200 1885 homicidio
1224 1843 1353 1906 conpu-

227 1912 296 1976 tari
326 1933 395 1975 non
426 1912 567 1996 poterit,
603 1932 667 1975 nec
697 1904 931 1975 calumniamb
964 1912 1116 1995 patietur
1145 1912 1206 1993 qui
1235 1932 1353 1994 presu-

229 2005 380 2066 mentem
408 2001 630 2084 percusserit;
661 2000 743 2082 quia
770 2000 981 2063 commodius
1005 2001 1071 2063 erit
1094 2000 1183 2063 irato
1206 1999 1346 2064 viveus‘·

228 2091 396 2166 resistere,
421 2111 523 2172 quam
547 2110 619 2154 sese
642 2093 721 2173 post
744 2089 878 2152 obitum
893 2088 1130 2152 ulciscendum
1144 2088 1352 2171 relinquere.

230 2179 297 2243 Ille
328 2199 423 2254 sane,
460 2180 519 2261 qui
554 2179 646 2263 prior
676 2182 797 2242 contra
826 2177 1016 2260 quemlibet
1050 2178 1160 2241 iratus
1192 2179 1354 2241 eduxerit

229 2267 393 2351 gladium,
418 2267 610 2349 quamlibet
633 2288 702 2329 non
725 2267 940 2350 percusserit,
964 2278 993 2331 X
1014 2270 1132 2330 tamen
1156 2266 1283 2329 solidos
1307 2267 1351 2343 ei,

228 2376 327 2438 quern
347 2359 525 2439 percutere
541 2355 661 2432 voluit,
687 2376 748 2439 pro
772 2356 1004 2439 presumtione
1028 2355 1101 2418 sola
1125 2357 1206 2418 dare
1230 2376 1352 2438 cogen-

229 2444 293 2507 dus
317 2446 379 2507 est.

436 2577 501 2634 VH.
532 2578 700 2634 FLAVIUS
720 2578 1034 2634 OHINDASVINDUS
1053 2579 1140 2634 REX.

288 2690 331 2755 si
362 2711 511 2755 servus
542 2691 733 2773 ingenuo
764 2692 928 2756 fecerit
959 2692 1285 2756 contumelium.

335 2797 499 2875 Quamvis
528 2798 671 2862 idoneus
700 2819 816 2862 servus
844 2819 987 2883 persone
1015 2799 1125 2862 nobili
1152 2803 1187 2863 ct
1211 2799 1352 2862 inlustri

228 2886 429 2951 nullatcnus
456 2887 611 2951 indebite
641 2888 909 2951 contumeliosus
937 2891 999 2950 aut
1026 2888 1212 2952 sediciosus
1237 2908 1352 2972 presu-

228 2980 301 3039 mat
316 2977 471 3040 existere.
500 2974 600 3055 Quod
616 2977 645 3039 si
660 2977 792 3053 fecerit,
809 2988 921 3042 XXXX
933 2977 1131 3040 verberibus
1147 2977 1350 3040 subiacebit.

229 3063 353 3128 Servus
389 3067 505 3129 autem
535 3065 636 3128 vilior
666 3076 690 3130 L
720 3065 936 3149 flagellorum
971 3066 1123 3129 hictibus
1159 3065 1350 3129 addicetur.

230 3152 330 3218 Certe
362 3153 390 3217 si
421 3155 540 3218 eadem
571 3174 729 3238 persona,
766 3158 806 3217 ut
837 3154 902 3218 sibi
932 3155 1055 3218 fiereta
1090 3154 1349 3231 contumelium,

229 3262 362 3307 serium
394 3243 514 3327 prius⁸²
542 3243 743 3307 excitaverit
773 3243 934 3320 alienum,
967 3264 1026 3307 sue
1057 3243 1266 3326 necligentic
1297 3243 1351 3306 de·

230 3335 338 3416 putet,
367 3332 459 3415 quod
483 3325 636 3396 oblitusl
665 3333 857 3397 honestatis
881 3336 917 3396 et
940 3333 1108 3416 patientie
1132 3333 1224 3414 quod
1247 3352 1351 3395 mere-

230 3420 332 3485 batur
356 3422 500 3506 excepit.

638 3538 721 3595 vm.
752 3538 936 3608 ANTIQUA.

375 3650 418 3714 si
448 3652 667 3733 ingenuus
697 3651 936 3733 ingenuum
966 3652 1203 3736 percutiat.

338 3755 373 3819 si
404 3757 479 3840 quis
510 3757 681 3838 ingenuus
711 3758 862 3841 ingenuo
885 3758 1011 3822 vulnus
1041 3759 1202 3834 infixerit,
1233 3759 1284 3822 ita
1311 3761 1351 3820 ut

230 3845 396 3909 continuo
419 3846 478 3928 qui
502 3845 703 3910 vulneratus
733 3846 849 3910 tuerat
877 3848 1052 3924 moriatur,
1085 3867 1263 3930 percussor
1290 3867 1351 3930 pro

230 3933 416 3998 homicidio
439 3933 614 4019 puniatur.
661 3935 707 3998 Et
731 3936 760 3999 si
783 3936 842 4018 qui
865 3956 1044 4020 percussus
1069 3936 1185 4000 tuerat
1209 3935 1347 3999 statiml

231 4043 300 4086 non
331 4023 563 4107 extinguatur,
598 4045 776 4107 percussor
806 4026 992 4109 deputetur
1022 4025 1059 4087 iu
1089 4045 1260 4089 carcerem
1290 4027 1352 4086 aut

338 4232 376 4275 Vl.
417 4233 439 4280 a)
454 4233 657 4276 convinciturlrl.
711 4234 733 4282 b)
749 4234 920 4276 calumnloRl.
975 4236 995 4281 c)
1010 4235 1041 4272 ita
1056 4234 1104 4277 R2.
1119 4233 1171 4284 En
1186 4233 1264 4273 volens
1279 4233 1327 4278 131.

338 4285 388 4328 Vll.
430 4289 452 4332 a)
466 4287 522 4326 dent
536 4288 582 4329 nl.
637 4287 659 4335 b)
673 4287 774 4328 oblltstls
786 4299 831 4337 pro
845 4288 889 4330 obl.
903 4288 956 4330 hon.
970 4288 1016 4330 131.

338 4339 401 4384 V111.
441 4340 595 4388 ami-culli.
