3000 4934
229 368 283 420 238
405 361 483 416 LEX
501 361 617 419 VISIG.
635 360 904 418 Rsccassvmn.
939 359 1023 429 VIII,
1041 363 1177 429 3,7-10.

230 546 401 620 habuerit,
433 545 468 608 in
498 544 729 627 quadruplum
757 543 944 607 reformare
972 546 1126 626 cogatur.
1173 541 1211 606 si
1233 545 1359 605 autem

229 629 386 698 fructus‘¹
406 634 536 716 aliquid
553 634 614 697 dee
633 633 687 695 his
703 631 842 716 sepibus
858 631 1094 707 claudebatur,
1119 650 1180 714 per
1195 629 1359 713 singulos

231 723 327 806 palos
351 722 504 804 singulos
527 722 701 786 tremisses
724 720 942 804 conpellatur
964 719 1136 796 exolvere;
1167 719 1219 782 ita
1240 721 1293 795 ut,
1324 719 1359 782 si

230 830 271 874 ex
294 811 467 874 fructibus
491 810 622 893 aliquid
638 810 788 893 perierit,
812 829 854 873 ex
876 809 1014 892 integro
1030 808 1249 872 reformetur.
1289 806 1358 871 Ea·

231 900 308 963 dem
332 902 367 963 et
391 899 433 962 de
457 899 542 961 ortis
566 917 645 981 sepe
669 897 838 961 conclusis
861 897 1068 981 precipimus
1092 889 1301 960 custodires.

627 1102 710 1158 vm,
741 1101 954 1172 ANTIQUAa

275 1215 319 1280 Si
348 1216 391 1278 in
422 1216 610 1280 alienam
640 1215 794 1279 silvam
824 1208 945 1298 quisb
978 1235 1070 1279 cum
1098 1214 1306 1279 vehiculo

679 1305 892 1388 capiatur.

337 1411 373 1474 si
397 1411 472 1493 quis
496 1411 645 1493 aliquem
669 1410 967 1494 conprehenderit,
996 1410 1080 1473 dum
1107 1409 1151 1473 de
1178 1409 1266 1472 silva
1289 1430 1357 1473 sua

231 1521 308 1563 cum
330 1500 489 1563 vehiculo
509 1499 606 1562 vadit
630 1502 665 1562 et
689 1498 835 1563 circulos
858 1499 903 1562 ad
924 1518 1029 1582 cupas
1052 1500 1114 1562 aut
1137 1518 1356 1580 quecumque

230 1588 326 1670 ligna
349 1588 421 1651 sine
446 1588 575 1651 domini
598 1587 855 1671 permissionem
879 1590 1075 1671 asportare⁰
1104 1589 1290 1670 presumat,
1317 1590 1356 1651 et

230 1676 333 1739 boves
364 1678 399 1739 et
428 1675 626 1739 vehiculum
656 1675 767 1739 aliene
797 1674 881 1739 silve
912 1678 1105 1759 presumtor
1135 1674 1285 1752 amittat,
1317 1678 1356 1739 et

229 1784 295 1847 que
324 1764 483 1827 dominus
511 1784 586 1827 cum
613 1763 691 1827 fure
716 1766 776 1826 aut
799 1763 951 1828 violento
975 1763 1273 1847 conprehenderit,
1302 1764 1356 1826 in-

231 1853 431 1916 dubitanter
455 1852 620 1916 obtineat.

615 2022 714 2079 vnn.
744 2022 958 2093 susicana.

275 2118 318 2182 Si
342 2119 438 2183 loca
461 2118 705 2183 fructifera
727 2118 795 2182 vel
819 2136 1032 2201 pascuosa
1054 2117 1187 2180 nimia
1211 2136 1306 2180 con·

564 2207 712 2289 gustia
740 2208 1008 2270 coartentur.

337 2313 374 2376 Si
397 2313 472 2395 quis
496 2335 574 2376 cum
597 2305 794 2377 fructibusb
812 2313 958 2389 vineam,
983 2315 1120 2396 pratum
1143 2311 1199 2375 vel
1221 2331 1355 2395 pascua

230 2402 356 2465 habere
392 2401 609 2484 cognoscitur
639 2404 675 2465 et
704 2402 813 2464 fossas
848 2420 909 2485 per
941 2401 1143 2465 circuitum⁰
1178 2420 1240 2484 pro
1276 2400 1353 2464 solo

229 2494 361 2554 terrore
385 2490 583 2566 constituat,
612 2492 745 2552 utnon
768 2490 835 2553 nisi
865 2509 926 2573 per
948 2489 1085 2553 vineam
1114 2492 1176 2551 aut
1205 2508 1351 2553 messem

229 2578 396 2641 transitus
420 2597 492 2642 esse
516 2578 633 2661 possit,
664 2579 836 2655 damnum,
862 2578 953 2661 quod
976 2578 1089 2642 viator
1111 2576 1280 2653 intulerit,
1305 2578 1354 2640 ad

229 2666 370 2730 viatoris
394 2666 532 2750 culpam
554 2667 747 2731 redundare
769 2689 841 2731 non
857 2667 1027 2731 convenit.
1063 2665 1210 2750 Oampos
1233 2668 1354 2729 autem

229 2758 391 2819 vacantes
423 2755 451 2818 si
481 2756 556 2838 quis
591 2755 691 2819 fossis
727 2750 976 2832 concinxeritl,
1011 2755 1079 2819 iter
1108 2757 1250 2838 agentes
1279 2775 1353 2818 non

229 2843 293 2908 hec
310 2844 408 2927 signa
429 2844 634 2921 deterreant,
659 2865 722 2908 nec
746 2845 871 2926 aliquis
894 2864 951 2908 eos
975 2845 1018 2908 de
1041 2843 1096 2907 his
1119 2843 1254 2927 pascuis
1278 2863 1353 2926 pre·

230 2936 344 2996 sumat
367 2933 547 3017 expellere.

648 3050 684 3106 x.
715 3049 929 3119 ANTIQUAa.

230 3163 289 3228 De
314 3164 581 3229 animalibus
603 3163 868 3228 volumtarie
892 3163 935 3225 in
959 3182 1093 3226 messe
1116 3161 1186 3225 vel
1208 3161 1353 3226 vineis

710 3253 861 3315 missis.

338 3357 427 3437 Qui1
461 3359 617 3422 iumenta
649 3359 705 3423 vel
740 3360 843 3423 boves
883 3361 944 3421 aut
978 3377 1191 3440 quecumque
1226 3376 1353 3440 pecora

229 3448 434 3512 volumtarie
458 3448 494 3510 in
509 3448 645 3512 vineam
664 3447 720 3512 vel
740 3467 883 3512 messem
904 3447 1035 3510 miserit
1051 3438 1234 3523 alienamb,
1259 3444 1352 3508 dam-

229 3558 322 3613 num,
354 3536 446 3619 quod
476 3536 583 3600 fuerit
609 3536 841 3613 estimatum⁰,
872 3538 1016 3619 cogatur
1039 3533 1206 3599 exolvere.
1251 3533 1352 3598 Etsi

230 3625 338 3688 maior
367 3644 513 3708 persona
543 3627 604 3700 est,
635 3645 698 3708 pro
729 3623 871 3687 caballis
902 3627 963 3687 aut
993 3623 1106 3687 bubus
1128 3643 1190 3707 per
1213 3622 1353 3706 singula

230 3713 345 3796 capita
375 3712 528 3795 singulos
558 3712 685 3776 solidos
714 3713 853 3789 reddat;
886 3733 947 3796 per
976 3713 1109 3776 minora
1131 3731 1211 3775 vero
1235 3710 1353 3794 capita

336 3917 359 3967 d)
373 3919 458 3959 fructos
473 3920 518 3961 121.
573 3920 594 3966 o)
609 3919 641 3957 ita
654 3919 706 3968 1213
721 3916 808 3967 aliquid
823 3920 855 3959 eis
870 3920 919 3963 Ra.
973 3918 1116 3967 ocustodiri
1130 3919 1179 3962 Bi.

336 3973 399 4015 VIII.
440 3975 462 4020 a)
476 3973 531 4011 dces!
547 3972 594 4014 122.
649 3973 672 4019 b)
686 3973 822 4020 quicumque
836 3973 885 4015 ΒΞ.
940 3976 960 4022 e)
974 3970 1107 4022 adsportare
1120 3973 1167 4014 121.

336 4027 411 4067 VIIII.
445 4029 467 4073 a)
481 4027 537 4064 deest
552 4026 600 4068 Bi.
648 4026 671 4074 b)
685 4026 786 4075 frugibus
800 4026 849 4068 Ra.
897 4029 917 4074 c)
932 4027 1028 4066 circuitu
1042 4026 1089 4070 121.
1139 4024 1162 4075 (l)
1176 4024 1288 4066 clncxerli
1301 4025 1351 4068 m.

336 4080 361 4122 X.
403 4082 425 4126 a)
439 4081 495 4118 dees!
509 4080 557 4121 Ra.
612 4080 635 4127 b)
649 4080 723 4119 aliens
737 4080 784 4122 Bi.
838 4079 858 4130 c)
873 4080 1004 4119 extimarum
1019 4080 1067 4122 Rs.

230 4258 257 4381 p)
276 4258 317 4323 Cf.
331 4258 432 4386 [30qu
453 4260 478 4322 9,
493 4259 518 4323 8,
538 4257 594 4311 cod.
612 4259 629 4311 2
636 4276 646 4320 ,·
665 4257 698 4312 L.
711 4258 797 4323 Bury.
816 4260 860 4323 27,
879 4259 905 4311 4.
923 4259 958 4320 5,·
976 4256 1204 4318 Ed.120tb.344‚·
1221 4255 1353 4308 acum

241 4345 280 4384 .c.
297 4348 325 4398 p.
391 4367 400 4395 ,
420 4346 446 4385 a.
