3000 4934
335 376 414 430 LEX
432 376 547 432 VISIG.
565 376 836 434 Rnocnssvnn.
872 377 956 447 vm,
974 381 999 446 1,
1017 381 1097 435 5-7.
1227 382 1281 434 229

156 565 268 627 rem‘.
299 579 366 642 que
394 559 438 623 ab
462 559 531 622 alio
553 559 758 642 possidetur,
789 565 868 644 post
890 553 1042 624 nomenb
1069 561 1163 643 regie
1186 564 1280 644 pote

156 648 257 711 statis
283 647 340 711 vel
370 647 588 710 dominorum
617 668 757 711 suorum
787 653 849 711 aut
878 669 978 711 suum
1009 668 1177 731 usurpare
1207 669 1279 731 pre

156 741 270 799 sumat
290 740 372 800 ante
395 736 572 799 iudicium.
608 735 710 814 Quod
732 737 762 800 si
784 757 853 799 non
870 740 1052 820 expectata
1068 737 1279 800 discussione

155 826 201 889 id.
231 825 323 907 quod
351 824 395 888 ab
418 824 488 887 alio
510 825 706 907 possidetur
728 828 791 888 aut
813 826 898 888 iuris
921 824 1065 889 alterius
1088 845 1161 888 esse
1185 825 1279 889 diuo

156 914 272 979 scitur.
296 914 472 983 invaserit.
497 918 632 989 omne‘,
662 913 755 996 quod
782 913 929 977 abstulit
951 913 1007 976 rel
1031 914 1279 995 presumtiosns

101 1032 128 1068 a.
156 1003 292 1069 invasit.
322 1003 360 1063 in
388 1001 534 1084 duplum
561 1002 595 1065 ei
620 1002 793 1069 restituat,
825 1001 867 1065 de
892 1002 989 1065 euius
1011 1001 1086 1064 iure
1109 1002 1202 1064 visus
1225 1006 1279 1064 est

155 1090 349 1155 abstulisse.
380 1090 446 1152 hac
476 1089 691 1172 singulorum
720 1110 890 1152 annorum
918 1090 1048 1172 fruges.
1081 1110 1166 1171 quas
1195 1089 1277 1154 inde

156 1178 306 1242 fideliter
335 1171 529 1260 colligissel
561 1178 737 1245 iuraverit.
768 1178 912 1260 petitori
941 1177 1159 1260 conpellatur
1188 1178 1277 1241 exol-

152 1287 243 1329 vere,
279 1265 325 1328 Et
346 1269 474 1341 tamen,
499 1266 529 1328 si
551 1285 668 1329 servus
691 1264 820 1347 absque
844 1265 974 1328 domini
995 1264 1187 1329 volumtate
1210 1265 1276 1330 hoc

152 1354 291 1419 fecerit.
322 1364 367 1418 00
393 1354 536 1436 insuper
565 1358 727 1416 extensus
757 1353 895 1436 publice
924 1353 1064 1435 flagella
1092 1354 1274 1436 suscipiat;

153 1443 205 1505 ita
220 1445 270 1509 ut.
295 1443 325 1504 si
348 1441 507 1505 dominus
530 1462 593 1525 pro
607 1442 659 1505 rei
674 1441 881 1524 duplacione
896 1441 1049 1505 noluerit
1064 1441 1274 1515 satisfacere,

153 1551 235 1597 rem,
259 1551 326 1612 que
350 1530 468 1594 ablata
483 1535 545 1601 est,
569 1531 607 1592 in
630 1550 671 1594 eo
693 1530 822 1594 istatul
843 1551 922 1593 cum
936 1529 1097 1612 frugibus
1112 1530 1276 1593 restituat

153 1622 189 1682 et
212 1618 360 1683 eundem
383 1639 519 1683 serrum
542 1639 604 1701 pro
626 1618 714 1681 facti
736 1619 933 1683 temeritate
956 1619 1138 1682 insistente
1160 1618 1275 1683 iudice

153 1708 194 1774 ei,
220 1708 317 1770 cuius
339 1727 394 1770 res
416 1707 544 1770 invasit
565 1705 622 1770 rel
645 1706 800 1779 abstulit,
824 1706 1032 1771 serviturum
1046 1707 1184 1770 tradere
1204 1728 1275 1770 non

152 1796 307 1858 desistat.
343 1794 575 1859 Omnismodis
596 1799 714 1859 tamen
737 1796 805 1859 erit
827 1794 977 1859 sollicite
995 1795 1272 1877 perquirendum.

151 1904 195 1946 ne
218 1883 374 1965 qnalibet
396 1884 556 1947 suasione
577 1883 633 1947 rel
656 1883 790 1946 fraudis
813 1883 959 1946 alieuius
983 1886 1166 1946 conmento
1181 1881 1273 1946 idem

151 1991 268 2035 servus
298 1993 376 2034 cum
406 1972 501 2034 illius
531 1971 663 2034 domini
689 1970 881 2034 volumtate
911 1972 976 2034 hoc
1006 1971 1144 2045 fecerit,
1175 1971 1273 2032 cuius

150 2079 222 2122 rem
252 2059 371 2123 ablata
400 2080 474 2123 esse
504 2059 716 2131 constiterit;
747 2062 784 2121 et
806 2060 836 2120 si
858 2059 909 2120 ita
931 2061 1131 2140 reppertum
1154 2057 1271 2131 inerit,

150 2147 248 2209 iuxta
271 2147 375 2209 aliam
397 2146 532 2229 legem¹
555 2145 725 2215 dominus.
752 2146 813 2227 qui
835 2146 944 2208 suasit
965 2145 1022 2208 rel
1045 2145 1176 2207 malum
1198 2145 1273 2209 fieri

150 2234 393 2298 fraudulenter
407 2234 574 2317 permisit,
590 2237 760 2315 quantum
775 2254 893 2297 servus
907 2233 1049 2309 tulerat,
1073 2232 1272 2317 septuplum

151 2323 311 2386 dominus
343 2323 394 2386 rei
429 2322 569 2386 domino
598 2322 688 2385 servi
717 2321 905 2405 persolvat,
937 2326 973 2386 et
1002 2342 1138 2386 serrum
1170 2342 1271 2384 suum

151 2410 309 2474 dominus
333 2411 406 2475 eius
429 2431 569 2474 securus
591 2410 776 2494 possideat

559 2545 611 2602 vr.
641 2544 855 2615 murenas.

193 2640 237 2704 Si
264 2641 316 2704 ad
344 2641 643 2725 diripiendum
672 2640 857 2722 quisque
887 2639 1001 2703 alios
1030 2639 1225 2704 invitare

555 2729 849 2812 repperiatur.

255 2835 391 2917 Siquis
418 2836 462 2897 ad
486 2835 719 2919 diripiendum
742 2833 828 2896 alios
850 2834 1059 2901 invitaverit,
1083 2837 1134 2909 ut,
1159 2832 1268 2895 cuius-

147 2943 293 3005 cumque
314 2944 388 2986 rem
408 2926 542 2986 evertat
565 2925 626 2984 aut
649 2942 773 3004 pecora
795 2921 851 2985 rel
874 2921 1039 2984 animalia
1053 2941 1267 3002 quecumque

147 3011 299 3093 diripiat.
329 3011 393 3085 illi,
422 3011 520 3073 cuius
547 3030 602 3073 res
626 3009 761 3092 direpta
784 3013 846 3085 est,
877 3011 915 3071 in
939 3009 1173 3092 undecuplum
1199 3029 1266 3090 que

146 3103 228 3160 sunt
250 3097 389 3161 sublata
411 3098 585 3160 restituat.
631 3096 694 3159 Hii
716 3117 806 3172 vero,
837 3097 897 3179 qui
924 3117 1004 3159 cum
1026 3096 1100 3179 ipso
1123 3096 1265 3173 fuerint,

146 3186 175 3247 si
198 3186 341 3267 ingenui
363 3178 483 3259 santi,
507 3186 630 3267 quinos
646 3184 774 3248 solidos
797 3205 990 3268 conponere
1013 3183 1264 3266 conpellantur,

146 3278 207 3335 aut
230 3275 259 3335 si
281 3294 352 3336 non
374 3272 569 3337 habuerint.
593 3274 686 3336 unde
709 3276 916 3356 conponant.
944 3273 1187 3355 quinquagena
1208 3271 1266 3335 fla·

145 3362 238 3444 gella
260 3362 460 3444 suscipiant.
507 3360 545 3424 Si
567 3381 648 3425 vero
676 3361 766 3425 servi
793 3362 858 3424 hoc
886 3361 960 3424 sine
984 3360 1115 3423 domini
1136 3359 1265 3423 volum·

143 3454 218 3514 tate
248 3451 479 3517 conmiserint,
510 3451 665 3514 centenis
694 3449 946 3533 quinquagenis
974 3448 1122 3531 flagellis
1150 3449 1265 3513 verbe

143 3543 273 3605 rentur.
298 3542 334 3602 et
357 3538 401 3602 ab
425 3539 475 3602 eis
496 3559 551 3602 res
574 3538 685 3601 omnis
707 3539 745 3600 in
766 3539 894 3602 istatue
922 3537 1099 3601 reddatur.

543 3673 611 3728 ru
641 3672 856 3743 murenas.

143 3769 200 3833 Ne
224 3768 406 3832 absente
429 3769 601 3832 domino
623 3768 688 3833 rel
710 3770 752 3832 in
775 3767 1060 3852 expeditione
1083 3766 1263 3850 publiea

180 3857 429 3920 constituto
453 3851 732 3939 cuiusquamb
760 3857 908 3921 domus
935 3856 1224 3939 inquietetur.

248 3962 376 4025 Nullus
393 3963 531 4025 domum
547 3965 718 4046 inquietet
734 3964 886 4027 absentis
909 3983 972 4026 nec
991 3963 1026 4024 iu
1043 3961 1262 4044 expeditione

249 4117 275 4156 V.
302 4116 424 4161 amam.
458 4116 481 4162 b)
491 4116 635 4158 nomineRl.
669 4117 842 4165 momorum.
875 4114 900 4161 d)
909 4116 1026 4164 colleghae
1034 4115 1055 4153 B
1061 4115 1080 4155 2.
1114 4113 1262 4161 cuntulit.

249 4169 287 4210 Π
328 4171 351 4213 a)
363 4168 420 4206 dent
434 4169 483 4211 Bi.
536 4171 560 4213 b)
573 4171 620 4209 slat
634 4169 680 4211 Rl.
733 4174 755 4215 e)
767 4176 830 4209 mm
844 4171 892 4210 Μ.

249 4223 299 4263 Vll.
339 4224 362 4265 a)
375 4222 432 4259 deur
447 4222 494 4264 Η
548 4223 572 4267 b)
585 4224 617 4260 iu
631 4222 654 4260 Ε
661 4226 680 4264 1.
689 4223 714 4265 2:
728 4223 913 4271 crimmum
927 4222 978 4270 Bl;
993 4221 1154 4267 cuiuscumque
1169 4218 1218 4260 Bi.

143 4331 168 4382 1»
186 4328 276 4394 Supra
295 4328 357 4392 ΠΙ,
376 4330 403 4391 ¹2,
417 4330 443 4392 6,
460 4346 488 4395 p·
505 4329 567 4382 208.
