3000 4934
237 369 288 421 142
424 362 502 418 LEX
520 362 635 421 VISIG.
654 361 923 419 Raccnssvmn.
960 362 1031 431 ΙΠΙ,
1049 367 1074 430 5,
1093 367 1118 418 4.
1138 366 1163 420 ὅ.

235 551 336 610 terna
364 546 576 609 successione
606 544 768 621 debitam,
799 564 926 620 eorum,
957 545 1017 627 qui
1046 566 1087 609 ex
1114 545 1168 608 his
1195 547 1355 610 intestati

182 652 197 679 ’ν
235 635 290 698 vel
314 635 442 717 absque
466 634 561 718 prole
585 634 656 697 sive
679 633 862 716 nepotibus
887 633 1113 710 discesserint,
1139 633 1194 695 illi
1215 636 1360 698 tantum

234 723 361 786 fraires
391 741 589 804 sororesque
624 721 778 785 habituri
808 724 903 797 sunt,
940 723 999 804 qui
1028 722 1130 785 unius
1161 724 1268 806 patris
1298 724 1354 787 vel

235 812 354 874 matris
379 810 442 873 filii
465 810 597 874 filievee
625 811 699 873 fore
727 813 933 887 noscuntur;
965 810 1016 874 ita
1044 814 1085 873 ut
1115 812 1211 874 iuxta
1242 812 1354 893 legem

236 900 350 976 aliam,
375 919 443 981 qua
467 899 695 962 constitutum
718 901 779 974 est,
806 899 997 962 triantemg
1023 903 1165 982 nepotes
1189 920 1259 962 non
1282 920 1354 983 per·

235 989 316 1051 dere
327 987 347 1063 1,
372 987 508 1050 licitum
532 987 576 1049 sit
595 987 702 1050 etiam
716 986 901 1070 nepotibus
924 990 986 1050 aut
1008 987 1131 1070 neptis,
1157 987 1216 1069 qui
1239 993 1354 1070 patres

236 1078 297 1138 aut
320 1079 447 1138 matres
470 1075 656 1151 amiserint,
680 1075 717 1136 in
733 1074 826 1137 omni
845 1075 1014 1139 facultate
1031 1096 1172 1138 avorum
1187 1076 1243 1139 vel
1267 1077 1354 1139 avia-

234 1185 311 1226 rum
340 1184 415 1227 cum
441 1163 573 1248 patruis
603 1166 664 1226 aut
692 1162 871 1227 avunculis
902 1163 1039 1245 equales
1069 1165 1260 1239 succedere,
1292 1165 1353 1228 illo

234 1256 373 1315 tantum
403 1252 522 1316 ordine
550 1255 784 1335 permanente,
816 1272 882 1333 quo
911 1252 1067 1335 superius
1091 1252 1265 1316 decretum
1290 1257 1352 1327 est,

235 1344 394 1424 parentes
417 1340 472 1404 vel
496 1361 576 1404 avos
601 1340 769 1404 derebus
797 1341 867 1403 suis
894 1339 983 1403 filios
1005 1343 1216 1424 nepotesque
1239 1341 1354 1405 melic-

234 1449 310 1493 rare
334 1433 395 1493 aut
418 1430 454 1492 in
475 1432 677 1493 extraneum
699 1427 889 1510 quemlibet
905 1429 1143 1511 quodcumque
1167 1429 1323 1493 conferre
1331 1431 1352 1490 ².

654 1598 689 1654 v.
720 1596 932 1666 ANTIQUAe.

284 1711 344 1775 De
372 1711 455 1787 his,
486 1730 565 1793 que
593 1711 688 1773 filii
718 1714 843 1795 patre
867 1711 1046 1774 vivente
1069 1711 1138 1775 vel
1166 1715 1301 1781 matre

543 1792 773 1864 videnturb
801 1799 1041 1881 adquirere.

342 1904 461 1981 Filius,
486 1904 545 1988 qui
568 1908 666 1989 patre
689 1904 744 1969 vel
767 1897 1059 1969 matrel'vivente
1083 1904 1214 1986 aliquid
1238 1904 1354 1987 adqui·

235 1994 331 2059 sierit
361 1994 431 2058 sive
460 1995 502 2057 de
530 1994 767 2058 munificentia
793 1994 883 2076 regis
914 1997 975 2057 aut
1002 1997 1226 2077 patronorum
1254 1993 1353 2058 bene-

234 2082 320 2146 ficiis
348 2083 576 2167 promeruerit
603 2086 639 2146 et
667 2083 789 2146 exinde
820 2082 951 2164 aliquid
980 2082 1182 2164 cuicumque
1205 2082 1353 2146 vendere

234 2170 290 2235 vel
309 2172 437 2235 donare
452 2170 635 2248 voluerit⁰‚
660 2171 757 2234 iuxta
773 2191 848 2234 eam
864 2171 1109 2248 condicionem,
1134 2191 1199 2252 que
1223 2171 1260 2232 in
1277 2171 1353 2233 aliis

234 2260 360 2322 nostris
388 2260 522 2341 legibus
547 2259 754 2336 continetur,
785 2260 821 2321 in
845 2259 952 2343 ipsius
975 2261 1148 2342 potestate
1172 2259 1351 2334 consistat;

233 2367 297 2410 nec
322 2348 387 2410 sibi
411 2347 551 2429 aliquid,
578 2348 660 2410 dum
676 2347 767 2410 filius
783 2348 878 2423 vivit,
903 2348 1025 2411 exinde
1042 2351 1141 2430 pater
1163 2347 1218 2411 vel
1241 2352 1353 2411 mater

232 2436 409 2500 vindicare
426 2439 626 2519 presumant
635 2436 657 2495 ³.
693 2434 795 2512 Quod
818 2436 846 2498 si
868 2435 960 2499 inter
983 2435 1124 2500 leudes4
1147 2436 1353 2518 quicumque

232 2543 296 2587 nec
319 2524 410 2607 regis
433 2523 608 2587 beneficiis
632 2522 764 2605 aliquid
786 2523 894 2587 fuerit
919 2528 1132 2601 consecutus,
1157 2525 1277 2588 sedin
1301 2545 1353 2587 ex·

233 2612 467 2696 peditionibus
483 2612 691 2675 constitutus
709 2613 750 2676 de
767 2612 884 2676 labore
908 2633 969 2677 suo
993 2612 1124 2694 aliquid
1140 2613 1351 2695 adquisierit,

233 2701 262 2762 si
286 2701 476 2764 communis
499 2696 578 2763 inid
604 2701 716 2764 victus
745 2721 823 2764 cum
850 2705 949 2785 patre
978 2705 1039 2779 est,
1070 2702 1176 2764 tertia
1199 2721 1277 2784 pars
1301 2720 1352 2764 ex·

233 2789 313 2852 inde
338 2790 379 2852 ad
405 2792 539 2872 patrem
566 2790 752 2874 perveniat,
785 2791 870 2853 duas
898 2792 1016 2853 autem
1043 2789 1144 2866 filius,
1174 2791 1233 2872 qui
1261 2789 1352 2853 labo·

232 2877 333 2955 rabit,
358 2876 525 2942 obtineat.

338 3048 496 3097 OfiliaeveE
504 3052 527 3099 13
547 3049 674 3098 flliveng
693 3049 831 3091 filiavena.
886 3050 1041 3098 gmeesrrea.

338 3104 365 3144 V.
406 3105 428 3151 a)
442 3105 474 3142 iia
488 3102 653 3146 R1.E2.V5.
663 3105 687 3151 6,·
708 3103 827 3145 deeeth.
842 3103 864 3141 Ε
872 3105 891 3145 1,
961 3103 983 3151 b)
998 3100 1145 3142 videntur—
1160 3103 1352 3144 mistrectum.

232 3158 253 3203 c)
267 3156 365 3195 valuerit
378 3157 424 3198 121.
479 3155 503 3205 d)
517 3157 561 3196 illis
576 3157 622 3199 121.

233 3298 258 3364 1)
276 3298 377 3363 Nescio,
400 3300 535 3366 adquam
554 3299 633 3364 lepem
652 3299 715 3350 haec
732 3305 852 3366 specum.
889 3297 977 3364 Neque
1000 3313 1067 3361 vero,
1094 3304 1124 3348 ut
1149 3299 1274 3364 opinatus
1298 3312 1352 3348 esse

230 3369 335 3420 adriae
352 3370 384 3420 F.
398 3369 490 3436 Deba,
511 3371 619 3422 ‘trians'
638 3370 719 3421 huius
738 3370 802 3435 lepis
819 3371 856 3420 cd
876 3370 991 3420 ‘betium
1007 3369 1123 3435 panteni
1141 3370 1243 3432 referri
1257 3373 1349 3434 potest,

230 3456 311 3506 quam
329 3457 361 3492 ex
379 3441 556 3505 inferimibus
573 3441 653 3506 Legis
670 3441 752 3505 Vieic.
776 3442 877 3504 formis
896 3441 1022 3492 editiones
1042 3441 1149 3506 priores
1169 3455 1222 3506 pro
1241 3439 1349 3489 ‘decimo

227 3512 317 3577 parie'
332 3513 459 3578 praebent
478 3512 527 3576 IV,
548 3513 768 3577 5,1,·2‚18,·v.
790 3510 873 3562 Dabn
893 3511 910 3565 1.
923 3527 943 3564 o.
960 3528 989 3577 p.
1004 3511 1055 3564 136
1073 3513 1113 3576 (n.
1127 3512 1152 3564 3.
1167 3511 1213 3574 4),·
1231 3511 1266 3573 cf.
1285 3509 1350 3561 ibid.

227 3599 256 3648 p.
271 3583 323 3635 132
341 3585 381 3648 (n.
395 3584 452 3647 11).
525 3582 552 3647 2)
570 3582 612 3646 Of.
624 3598 710 3648 supra
728 3597 748 3635 c.
763 3582 787 3634 1.
860 3581 887 3647 3)
905 3581 945 3644 Of.
960 3582 1012 3636 Ed.
1025 3580 1104 3634 Roth.
1119 3582 1178 3635 167.
1233 3580 1261 3646 4)
1278 3580 1351 3631 Haec

230 3668 280 3702 cmc
298 3651 345 3703 boc
362 3653 419 3704 eolo
437 3653 491 3704 loco
509 3654 539 3703 in
554 3652 753 3717 Visicethorum
770 3653 880 3718 eempiie
897 3654 1020 3706 occurrit.
1054 3652 1095 3715 Cf.
1115 3651 1206 3715 Dubii,
1228 3650 1351 3716 ‘Kinipe’

235 3721 299 3786 1⁷1²,
316 3740 345 3789 p.
359 3725 409 3777 141
424 3740 471 3789 sq„
491 3723 538 3773 ubi
555 3723 598 3773 les
613 3738 756 3790 perperam
776 3722 975 3774 Obiudceeindo
993 3723 1167 3776 adscribitur.

658 4007 922 4014 -—..—.——--
