3000 4934
267 387 319 439 180
461 381 539 436 LEX
557 380 672 437 VISIG.
692 379 961 437 REOOESSVIND.
998 380 1049 447 VI,
1070 385 1094 450 1,
1113 385 1192 438 5-7.

266 566 380 630 uxoris
416 565 528 630 aliene
563 564 710 628 fortasse
744 564 948 647 prodiderit,
986 566 1109 627 horum
1127 564 1195 638 ‚vel
1225 566 1395 634 similium

267 655 450 719 criminum
473 656 660 730 accusator,
686 673 752 735 que
777 653 820 715 ad
845 653 967 736 capitis
991 652 1184 736 periculum
1199 653 1255 718 vel
1273 675 1395 718 rerum

267 744 449 807 amissione
472 743 644 826 pertinere
663 736 859 817 videnturd,
884 742 912 805 si
935 761 1017 805 vera
1039 743 1302 825 repperiuntur⁶
1323 765 1395 826 qne

267 833 401 908 dixerit,
430 830 564 894 nullam
592 831 731 894 omnino
761 830 968 893 calumniam
992 830 1188 894 sustinebit.
1235 831 1271 895 Si
1296 837 1395 896 certe

266 920 358 1003 qnod
388 920 532 1004 opponit
561 918 690 982 falsum
720 938 793 983 esse
824 919 1029 995 constiterit,
1060 923 1096 983 et
1126 939 1187 1003 per
1210 920 1318 984 solam
1342 922 1395 983 in-

266 1009 394 1072 vidiam
422 1009 459 1071 id
485 1008 608 1072 fecisse
632 1008 794 1090 patuerit,
823 1011 864 1070 ut
891 1008 1060 1071 iacturam
1090 1009 1212 1091 capitis
1243 1013 1304 1073 aut
1336 1011 1394 1074 de-

265 1098 469 1161 trimentum
501 1097 650 1179 corporis
680 1095 736 1160 vel
768 1115 882 1159 rerum
918 1096 1043 1159 damna
1078 1100 1255 1180 pateretur
1287 1119 1395 1180 quem

267 1206 428 1250 accusare
452 1189 596 1249 conatus
621 1187 682 1260 est,
712 1186 748 1247 in
772 1187 944 1267 potestate
967 1185 1118 1248 traditus
1142 1186 1303 1260 accusati,
1328 1186 1394 1251 ille

267 1276 357 1338 hanc
373 1294 498 1357 penam
521 1275 558 1337 in
581 1293 617 1338 se
641 1275 778 1355 suisque
799 1273 901 1337 rebus
925 1274 1099 1356 suscipiat,
1125 1275 1183 1356 qui
1200 1276 1265 1339 hoc
1283 1275 1394 1352 alium

266 1365 487 1427 innocentem
510 1363 584 1446 pati
607 1362 776 1427 voluerat.
823 1362 881 1425 Ita
903 1365 944 1424 ut
967 1361 1037 1439 ille,
1065 1363 1124 1444 qui
1148 1362 1280 1445 aliquid
1304 1365 1394 1428 scire

267 1473 303 1516 se
328 1452 422 1528 dicit,
447 1453 540 1535 quod
564 1452 608 1514 ad
625 1451 858 1533 cognitionem
874 1451 1038 1533 principis
1062 1452 1170 1534 possit
1194 1452 1328 1523 deduci,
1356 1457 1393 1517 et

266 1541 304 1603 in
327 1559 367 1604 eo
391 1540 466 1603 loco
490 1540 607 1615 fuerit,
637 1540 697 1603 ubi
720 1543 806 1602 tunc
829 1539 959 1621 regiam
982 1544 1192 1622 potestatem
1216 1561 1289 1605 esse
1315 1561 1394 1604 con-

265 1629 395 1711 tigerit,
425 1631 487 1692 aut
514 1648 575 1711 per
599 1648 634 1692 se
658 1620 812 1691 istatimf
839 1632 1002 1711 suggerat
1026 1649 1135 1706 omne,
1166 1630 1258 1712 quod
1281 1632 1392 1707 novit,

267 1720 329 1780 aut
356 1738 417 1800 per
444 1716 582 1780 fidelem
609 1717 699 1798 regis
727 1717 799 1779 eins
824 1717 1001 1780 auditibus
1025 1718 1291 1781 denuntiandag
1317 1739 1394 1802 pro-

268 1809 374 1869 curet.
422 1804 522 1883 Quod
551 1805 579 1868 si
607 1804 728 1888 procul
756 1826 776 1868 a
803 1824 884 1887 rege
916 1825 994 1869 eum
1022 1826 1095 1869 esse
1119 1808 1324 1889 provenerit,
1356 1813 1394 1873 et

267 1914 327 1977 per
343 1894 492 1977 aliquem
513 1894 664 1977 'principi
684 1886 945 1957 mandandumh
965 1895 1159 1971 crediderit,
1185 1897 1276 1977 quod
1293 1916 1393 1960 accu-

267 1984 436 2047 sationem
452 1982 593 2046 alterius
610 1983 801 2046 dinoscitur
817 1983 999 2065 pertinere,
1025 2004 1139 2047 coram
1155 1983 1225 2061 illo,
1252 1985 1307 2048 cni
1325 1986 1394 2050 hoc

267 2073 522 2156 suggerendum
539 2072 734 2148 committit,
751 2070 858 2135 talem
876 2071 1057 2154 epistolam
1072 2072 1189 2149 faciat,
1210 2092 1394 2156 perquam

267 2163 444 2225 evidenter
467 2160 551 2244 quid
574 2160 718 2225 mandet
741 2162 900 2243 exponat.
941 2159 1053 2238 Quam
1076 2162 1181 2224 etiam
1205 2161 1394 2246 epistulam

266 2253 336 2314 tres
366 2253 488 2326 testes,
525 2270 609 2331 quos
644 2249 709 2312 sibi
744 2241 861 2312 nobiti
899 2269 972 2313 esse
1002 2249 1134 2327 fideles,
1170 2251 1393 2316 evidentibus

268 2339 374 2419 signis
406 2342 467 2401 aut
497 2337 782 2421 suscriptionibus
818 2337 921 2401 simul
954 2358 1032 2401 cum
1061 2339 1135 2421 ipso
1166 2339 1317 2415 firment,
1351 2346 1394 2404 ut

268 2429 388 2508 postea
411 2426 502 2507 quod
526 2425 742 2488 mandaverit
765 2445 892 2507 negare
915 2447 986 2489 non
1009 2428 1126 2509 possit.

481 2595 533 2653 VI.
563 2595 732 2651 FLAVIUS
751 2595 1065 2652 OHINDASVINDUS
1083 2597 1171 2652 REX.

291 2709 350 2773 De
379 2710 594 2773 servanda
618 2708 898 2792 principibus
922 2711 1118 2792 pietatea
1145 2712 1369 2794 parcendi.

376 2815 690 2898 Quotienscumque
705 2815 805 2880 nobis
821 2838 883 2900 pro
899 2817 963 2894 his,
988 2818 1046 2900 qui
1070 2818 1107 2879 in
1128 2819 1238 2882 causis
1262 2820 1393 2883 nostris

268 2904 383 2988 aliquo
408 2905 550 2968 crimine
573 2905 732 2987 inplicati
757 2909 847 2977 sunt,
874 2905 1097 2989 subplicatur,
1124 2911 1159 2971 et
1182 2909 1393 2990 suggerendi

266 2993 451 3057 tribuimus
494 2993 627 3057 aditum
667 2998 702 3058 et
740 2995 798 3078 pia
840 2995 1060 3058 miseratione
1106 2995 1392 3077 delinquentibus

268 3083 386 3166 culpas
416 3082 575 3146 omittere
605 3085 722 3146 nostre
755 3083 921 3166 potestati
951 3103 1134 3148 servamus.
1187 3083 1254 3148 Pro
1286 3105 1393 3149 causa

268 3175 385 3235 autem
401 3172 514 3255 gentis
538 3175 573 3234 et
596 3171 728 3254 patriae
752 3172 951 3235 huiusmodi
974 3171 1152 3236 licentiam
1168 3173 1391 3256 denegamus.

269 3259 368 3338 Quod
401 3261 430 3324 si
464 3261 582 3324 divina
617 3260 789 3324 miseratio
823 3265 898 3323 tam
932 3260 1107 3324 sceleratis
1142 3263 1296 3345 personis
1332 3282 1392 3327 cor

267 3350 431 3434 principis
461 3349 614 3412 misereri
645 3349 852 3432 conpulerit,
885 3370 964 3413 cum
994 3351 1142 3414 adsensu
1171 3353 1392 3415 sacerdotum

222 3508 227 3521 ,
267 3430 522 3520 maiorumqueb
539 3437 662 3520 palatii
678 3437 855 3501 licentiam
871 3439 1057 3503 miserandi
1073 3439 1222 3504 libenter
1234 3441 1390 3505 habebit.

667 3588 735 3646 vn.
765 3588 979 3659 ANTIQUAa.

268 3702 387 3781 Quod
411 3702 492 3767 ille
516 3702 635 3767 solus
660 3696 925 3785 culpavilisb
949 3705 1048 3782 erit,
1073 3706 1146 3788 qui
1170 3705 1392 3789 culpanda

693 3791 960 3855 conmiserit.

375 3896 500 3962 Omnia
527 3897 671 3962 crimina
699 3919 777 3962 suos
806 3902 995 3980 sequantur
1022 3903 1167 3979 autores,
1199 3921 1262 3965 nec
1291 3904 1392 3988 pater

266 4007 328 4071 pro
352 3986 434 4064 filio,
465 4006 529 4051 nec
559 3986 650 4050 filins
680 4007 742 4070 pro
772 3991 941 4071 patrem⁰‚
973 4008 1035 4053 nec
1058 4009 1145 4053 uxor
1167 4011 1229 4074 pro
1252 3990 1388 4069 marito,

374 4157 398 4207 d)
412 4161 444 4198 ite
458 4160 510 4210 Ra;
530 4157 622 4199 videtur
636 4160 683 4203 131.
751 4162 772 4207 e)
786 4160 946 4210 repperiantur
960 4161 1008 4204 Ra.
1074 4162 1183 4209 nutatim
1197 4163 1247 4206 122.
1314 4165 1337 4212 g)
1351 4160 1392 4202 de-

266 4211 416 4253 nuntiandam
429 4214 475 4255 121.
530 4213 554 4261 h)
568 4210 697 4252 mandatum
712 4213 759 4256 121.
813 4213 830 4265 i)
843 4214 908 4253 novit
921 4214 971 4255 Bt.

373 4268 412 4309 vl.
444 4269 466 4315 a)
480 4267 512 4304 ita
526 4271 545 4304 ct
559 4267 593 4304 hic
607 4270 626 4304 et
639 4278 708 4315 supro
723 4267 746 4304 tn
760 4267 829 4305 indice
843 4268 982 4305 rubricarum
997 4267 1078 4318 R1.2;
1092 4273 1206 4318 potestate
1220 4269 1267 4312 alii.
1308 4268 1331 4318 b)
1345 4279 1392 4318 que

266 4321 323 4359 ml
336 4321 425 4416 mun.
466 4376 488 4421 a)
502 4374 558 4411 aaut
572 4373 620 4416 aa.
675 4373 699 4421 e)
713 4373 807 4422 culpans
822 4374 871 4417 ra.
925 4375 945 4421 ο)
959 4377 1024 4422 patre
1037 4374 1088 4416 re.
