<?xml version="1.0" encoding="UTF-8"?>
<!DOCTYPE html PUBLIC "-//W3C//DTD XHTML 1.0 Transitional//EN"
    "http://www.w3.org/TR/xhtml1/DTD/xhtml1-transitional.dtd">
<html xmlns="http://www.w3.org/1999/xhtml" xml:lang="en" lang="en">
 <head>
  <title>
</title>
<meta http-equiv="Content-Type" content="text/html;charset=utf-8" />
  <meta name='ocr-system' content='tesseract 3.04.00' />
  <meta name='ocr-capabilities' content='ocr_page ocr_carea ocr_par ocr_line ocrx_word'/>
</head>
<body>
  <div class='ocr_page' id='page_1' title='image "./fontesiurisgerm01unkngoog_0284.png"; bbox 0 0 3000 4934; ppageno 0'>
   <div class='ocr_carea' id='block_1_1' title="bbox 323 369 1283 439">
    <p class='ocr_par' dir='ltr' id='par_1_1' title="bbox 323 369 1283 439">
     <span class='ocr_line' id='line_1_1' title="bbox 323 369 1283 439; baseline 0.005 -14"><span class='ocrx_word' id='word_1_1' title='bbox 323 371 400 425; x_wconf 83' lang='lat' dir='ltr'>LEX</span> <span class='ocrx_word' id='word_1_2' title='bbox 419 370 533 427; x_wconf 84' lang='lat' dir='ltr'>VISIG.</span> <span class='ocrx_word' id='word_1_3' title='bbox 552 369 821 426; x_wconf 80' lang='lat' dir='ltr'>REOOESSVIND.</span> <span class='ocrx_word' id='word_1_4' title='bbox 858 369 942 437; x_wconf 85' lang='lat' dir='ltr'>VIII,</span> <span class='ocrx_word' id='word_1_5' title='bbox 960 374 1115 439; x_wconf 81' lang='lat'>4,12-15.</span> <span class='ocrx_word' id='word_1_6' title='bbox 1230 377 1283 430; x_wconf 78' lang='lat'>247</span> 
     </span>
    </p>
   </div>
   <div class='ocr_carea' id='block_1_2' title="bbox 163 553 1284 727">
    <p class='ocr_par' dir='ltr' id='par_1_2' title="bbox 163 553 1284 727">
     <span class='ocr_line' id='line_1_2' title="bbox 163 553 1284 639; baseline 0 -22"><span class='ocrx_word' id='word_1_7' title='bbox 163 555 327 639; x_wconf 79' lang='lat' dir='ltr'>drupem⁰</span> <span class='ocrx_word' id='word_1_8' title='bbox 348 555 488 618; x_wconf 92' lang='lat' dir='ltr'>noxium</span> <span class='ocrx_word' id='word_1_9' title='bbox 511 554 637 630; x_wconf 86' lang='lat' dir='ltr'>tradat,</span> <span class='ocrx_word' id='word_1_10' title='bbox 662 574 707 617; x_wconf 90' lang='lat' dir='ltr'>an</span> <span class='ocrx_word' id='word_1_11' title='bbox 723 554 764 629; x_wconf 81' lang='lat' dir='ltr'>ei,</span> <span class='ocrx_word' id='word_1_12' title='bbox 789 553 849 635; x_wconf 91' lang='lat' dir='ltr'>qui</span> <span class='ocrx_word' id='word_1_13' title='bbox 872 553 1037 616; x_wconf 92' lang='lat' dir='ltr'>damnum</span> <span class='ocrx_word' id='word_1_14' title='bbox 1060 555 1206 639; x_wconf 88' lang='lat' dir='ltr'>pertulit</span> <span class='ocrx_word' id='word_1_15' title='bbox 1228 555 1284 620; x_wconf 90' lang='lat' dir='ltr'>vel</span> 
     </span>
     <span class='ocr_line' id='line_1_3' title="bbox 163 642 1283 727; baseline 0.002 -21"><span class='ocrx_word' id='word_1_16' title='bbox 163 643 294 725; x_wconf 80' lang='lat' dir='ltr'>ahquid</span> <span class='ocrx_word' id='word_1_17' title='bbox 318 643 453 727; x_wconf 79' lang='lat' dir='ltr'>excepit</span> <span class='ocrx_word' id='word_1_18' title='bbox 476 643 620 719; x_wconf 89' lang='lat' dir='ltr'>adversi,</span> <span class='ocrx_word' id='word_1_19' title='bbox 651 642 749 705; x_wconf 90' lang='lat' dir='ltr'>iuxta</span> <span class='ocrx_word' id='word_1_20' title='bbox 777 642 902 705; x_wconf 90' lang='lat' dir='ltr'>iudicis</span> <span class='ocrx_word' id='word_1_21' title='bbox 926 643 1183 708; x_wconf 76' lang='lat' dir='ltr'><strong>extimationem</strong></span> <span class='ocrx_word' id='word_1_22' title='bbox 1209 665 1283 708; x_wconf 87' lang='lat' dir='ltr'>eon·</span> 
     </span>
    </p>
   </div>
   <div class='ocr_carea' id='block_1_3' title="bbox 163 736 885 882">
    <p class='ocr_par' dir='ltr' id='par_1_3' title="bbox 163 736 885 882">
     <span class='ocr_line' id='line_1_4' title="bbox 163 736 279 815; baseline -0.009 -21"><span class='ocrx_word' id='word_1_23' title='bbox 163 736 279 815; x_wconf 86' lang='lat' dir='ltr'>ponat.</span> 
     </span>
     <span class='ocr_line' id='line_1_5' title="bbox 558 812 885 882; baseline 0.012 -15"><span class='ocrx_word' id='word_1_24' title='bbox 558 813 640 871; x_wconf 87' lang='lat' dir='ltr'>XIII.</span> <span class='ocrx_word' id='word_1_25' title='bbox 672 812 848 882; x_wconf 74' lang='lat' dir='ltr'>ANTIQUI</span> <span class='ocrx_word' id='word_1_26' title='bbox 859 824 885 871; x_wconf 66' lang='lat' dir='ltr'>a.</span> 
     </span>
    </p>
   </div>
   <div class='ocr_carea' id='block_1_4' title="bbox 164 926 1284 1081">
    <p class='ocr_par' dir='ltr' id='par_1_4' title="bbox 164 926 1284 1081">
     <span class='ocr_line' id='line_1_6' title="bbox 164 926 1284 1012; baseline 0.002 -23"><span class='ocrx_word' id='word_1_27' title='bbox 164 927 207 989; x_wconf 82' lang='lat' dir='ltr'>Si</span> <span class='ocrx_word' id='word_1_28' title='bbox 227 927 523 1009; x_wconf 90' lang='lat' dir='ltr'>quodcumque</span> <span class='ocrx_word' id='word_1_29' title='bbox 544 926 694 990; x_wconf 86' lang='lat' dir='ltr'>animal</span> <span class='ocrx_word' id='word_1_30' title='bbox 715 947 982 1011; x_wconf 90' lang='lat' dir='ltr'>quacumque</span> <span class='ocrx_word' id='word_1_31' title='bbox 1004 928 1284 1012; x_wconf 82' lang='lat' dir='ltr'>percussione</span> 
     </span>
     <span class='ocr_line' id='line_1_7' title="bbox 409 1015 1036 1081; baseline -0.002 -2"><span class='ocrx_word' id='word_1_32' title='bbox 409 1015 679 1079; x_wconf 87' lang='lat' dir='ltr'>debilitetur</span> <span class='ocrx_word' id='word_1_33' title='bbox 701 1015 771 1079; x_wconf 90' lang='lat' dir='ltr'>vel</span> <span class='ocrx_word' id='word_1_34' title='bbox 795 1017 1036 1081; x_wconf 73' lang='lat' dir='ltr'>occidatur.</span> 
     </span>
    </p>
   </div>
   <div class='ocr_carea' id='block_1_5' title="bbox 163 1120 1286 1806">
    <p class='ocr_par' dir='ltr' id='par_1_5' title="bbox 163 1120 1286 1806">
     <span class='ocr_line' id='line_1_8' title="bbox 271 1120 1285 1205; baseline 0.002 -21"><span class='ocrx_word' id='word_1_35' title='bbox 271 1121 308 1184; x_wconf 86' lang='lat' dir='ltr'>Si</span> <span class='ocrx_word' id='word_1_36' title='bbox 331 1122 407 1203; x_wconf 91' lang='lat' dir='ltr'>quis</span> <span class='ocrx_word' id='word_1_37' title='bbox 431 1120 583 1184; x_wconf 89' lang='lat' dir='ltr'>alienum</span> <span class='ocrx_word' id='word_1_38' title='bbox 599 1121 792 1185; x_wconf 87' lang='lat' dir='ltr'>iumentum</span> <span class='ocrx_word' id='word_1_39' title='bbox 809 1123 1024 1205; x_wconf 88' lang='lat' dir='ltr'>percusserit,</span> <span class='ocrx_word' id='word_1_40' title='bbox 1048 1123 1100 1185; x_wconf 92' lang='lat' dir='ltr'>ita</span> <span class='ocrx_word' id='word_1_41' title='bbox 1115 1125 1155 1184; x_wconf 89' lang='lat' dir='ltr'>ut</span> <span class='ocrx_word' id='word_1_42' title='bbox 1172 1122 1285 1186; x_wconf 89' lang='lat' dir='ltr'>debile</span> 
     </span>
     <span class='ocr_line' id='line_1_9' title="bbox 163 1209 1284 1292; baseline -0.001 -18"><span class='ocrx_word' id='word_1_43' title='bbox 163 1211 336 1274; x_wconf 85' lang='lat' dir='ltr'>efficiatur</span> <span class='ocrx_word' id='word_1_44' title='bbox 352 1212 413 1272; x_wconf 88' lang='lat' dir='ltr'>aut</span> <span class='ocrx_word' id='word_1_45' title='bbox 430 1210 472 1273; x_wconf 94' lang='lat' dir='ltr'>de</span> <span class='ocrx_word' id='word_1_46' title='bbox 488 1210 563 1292; x_wconf 90' lang='lat' dir='ltr'>ipsa</span> <span class='ocrx_word' id='word_1_47' title='bbox 579 1209 725 1274; x_wconf 81' lang='lat' dir='ltr'>fortasse</span> <span class='ocrx_word' id='word_1_48' title='bbox 741 1211 960 1292; x_wconf 81' lang='lat' dir='ltr'>percussione</span> <span class='ocrx_word' id='word_1_49' title='bbox 975 1214 1151 1275; x_wconf 89' lang='lat' dir='ltr'>mortuum</span> <span class='ocrx_word' id='word_1_50' title='bbox 1166 1211 1284 1286; x_wconf 83' lang='lat' dir='ltr'>fuerit,</span> 
     </span>
     <span class='ocr_line' id='line_1_10' title="bbox 163 1298 1286 1381; baseline 0.001 -21"><span class='ocrx_word' id='word_1_51' title='bbox 163 1299 232 1375; x_wconf 80' lang='lat' dir='ltr'>ille,</span> <span class='ocrx_word' id='word_1_52' title='bbox 264 1299 323 1380; x_wconf 92' lang='lat' dir='ltr'>qui</span> <span class='ocrx_word' id='word_1_53' title='bbox 353 1298 532 1381; x_wconf 89' lang='lat' dir='ltr'>percussit.</span> <span class='ocrx_word' id='word_1_54' title='bbox 564 1298 671 1360; x_wconf 93' lang='lat' dir='ltr'>alium</span> <span class='ocrx_word' id='word_1_55' title='bbox 700 1298 854 1362; x_wconf 91' lang='lat' dir='ltr'>eiusdem</span> <span class='ocrx_word' id='word_1_56' title='bbox 882 1299 996 1363; x_wconf 88' lang='lat' dir='ltr'>meriti</span> <span class='ocrx_word' id='word_1_57' title='bbox 1020 1300 1159 1362; x_wconf 91' lang='lat' dir='ltr'>domino</span> <span class='ocrx_word' id='word_1_58' title='bbox 1181 1299 1286 1363; x_wconf 86' lang='lat' dir='ltr'>refor-</span> 
     </span>
     <span class='ocr_line' id='line_1_11' title="bbox 164 1379 1285 1471; baseline 0 -22"><span class='ocrx_word' id='word_1_59' title='bbox 164 1408 256 1450; x_wconf 86' lang='lat' dir='ltr'>mare</span> <span class='ocrx_word' id='word_1_60' title='bbox 288 1390 432 1469; x_wconf 87' lang='lat' dir='ltr'>cogatur</span> <span class='ocrx_word' id='word_1_61' title='bbox 460 1389 495 1450; x_wconf 88' lang='lat' dir='ltr'>et</span> <span class='ocrx_word' id='word_1_62' title='bbox 523 1379 643 1449; x_wconf 82' lang='lat' dir='ltr'>illumb</span> <span class='ocrx_word' id='word_1_63' title='bbox 673 1386 822 1451; x_wconf 87' lang='lat' dir='ltr'>debilem</span> <span class='ocrx_word' id='word_1_64' title='bbox 845 1407 905 1451; x_wconf 90' lang='lat' dir='ltr'>sue</span> <span class='ocrx_word' id='word_1_65' title='bbox 928 1387 1081 1451; x_wconf 85' lang='lat' dir='ltr'>vindicet</span> <span class='ocrx_word' id='word_1_66' title='bbox 1108 1387 1285 1471; x_wconf 72' lang='lat' dir='ltr'>potestati.</span> 
     </span>
     <span class='ocr_line' id='line_1_12' title="bbox 165 1474 1286 1560; baseline 0 -22"><span class='ocrx_word' id='word_1_67' title='bbox 165 1474 265 1554; x_wconf 81' lang='lat' dir='ltr'>Quod</span> <span class='ocrx_word' id='word_1_68' title='bbox 288 1476 317 1538; x_wconf 92' lang='lat' dir='ltr'>si</span> <span class='ocrx_word' id='word_1_69' title='bbox 340 1475 533 1539; x_wconf 92' lang='lat' dir='ltr'>iumentum</span> <span class='ocrx_word' id='word_1_70' title='bbox 557 1495 627 1538; x_wconf 90' lang='lat' dir='ltr'>non</span> <span class='ocrx_word' id='word_1_71' title='bbox 650 1475 821 1552; x_wconf 76' lang='lat' dir='ltr'>habuerit,</span> <span class='ocrx_word' id='word_1_72' title='bbox 853 1476 1002 1560; x_wconf 92' lang='lat' dir='ltr'>pretium</span> <span class='ocrx_word' id='word_1_73' title='bbox 1033 1476 1122 1540; x_wconf 90' lang='lat' dir='ltr'>iuste</span> <span class='ocrx_word' id='word_1_74' title='bbox 1153 1476 1286 1540; x_wconf 90' lang='lat' dir='ltr'>estima-</span> 
     </span>
     <span class='ocr_line' id='line_1_13' title="bbox 163 1564 1286 1628; baseline 0 -2"><span class='ocrx_word' id='word_1_75' title='bbox 163 1565 267 1628; x_wconf 89' lang='lat' dir='ltr'>tionis</span> <span class='ocrx_word' id='word_1_76' title='bbox 292 1564 431 1627; x_wconf 88' lang='lat' dir='ltr'>domino</span> <span class='ocrx_word' id='word_1_77' title='bbox 454 1564 601 1628; x_wconf 91' lang='lat' dir='ltr'>iumenti</span> <span class='ocrx_word' id='word_1_78' title='bbox 628 1564 802 1628; x_wconf 86' lang='lat' dir='ltr'>restituat.</span> <span class='ocrx_word' id='word_1_79' title='bbox 849 1564 895 1628; x_wconf 80' lang='lat' dir='ltr'>Et</span> <span class='ocrx_word' id='word_1_80' title='bbox 923 1565 1044 1628; x_wconf 91' lang='lat' dir='ltr'>similis</span> <span class='ocrx_word' id='word_1_81' title='bbox 1074 1565 1184 1628; x_wconf 86' lang='lat' dir='ltr'>hordo</span> <span class='ocrx_word' id='word_1_82' title='bbox 1213 1567 1286 1627; x_wconf 90' lang='lat' dir='ltr'>tam</span> 
     </span>
     <span class='ocr_line' id='line_1_14' title="bbox 164 1647 1285 1736; baseline 0.002 -20"><span class='ocrx_word' id='word_1_83' title='bbox 164 1654 206 1717; x_wconf 91' lang='lat' dir='ltr'>de</span> <span class='ocrx_word' id='word_1_84' title='bbox 231 1652 423 1716; x_wconf 81' lang='lat' dir='ltr'>caballum⁰</span> <span class='ocrx_word' id='word_1_85' title='bbox 444 1673 547 1735; x_wconf 89' lang='lat' dir='ltr'>quam</span> <span class='ocrx_word' id='word_1_86' title='bbox 572 1653 615 1717; x_wconf 91' lang='lat' dir='ltr'>de</span> <span class='ocrx_word' id='word_1_87' title='bbox 639 1647 748 1717; x_wconf 79' lang='lat' dir='ltr'>bobe‘1</span> <span class='ocrx_word' id='word_1_88' title='bbox 767 1653 822 1717; x_wconf 91' lang='lat' dir='ltr'>vel</span> <span class='ocrx_word' id='word_1_89' title='bbox 846 1653 987 1736; x_wconf 90' lang='lat' dir='ltr'>reliquis</span> <span class='ocrx_word' id='word_1_90' title='bbox 1011 1653 1219 1717; x_wconf 78' lang='lat' dir='ltr'>animalibus</span> <span class='ocrx_word' id='word_1_91' title='bbox 1242 1653 1285 1718; x_wconf 84' lang='lat' dir='ltr'>ab</span> 
     </span>
     <span class='ocr_line' id='line_1_15' title="bbox 164 1741 555 1806; baseline -0.003 -2"><span class='ocrx_word' id='word_1_92' title='bbox 164 1741 322 1806; x_wconf 92' lang='lat' dir='ltr'>omnibus</span> <span class='ocrx_word' id='word_1_93' title='bbox 346 1741 555 1806; x_wconf 85' lang='lat' dir='ltr'>observetur.</span> 
     </span>
    </p>
   </div>
   <div class='ocr_carea' id='block_1_6' title="bbox 549 1875 893 1946">
    <p class='ocr_par' dir='ltr' id='par_1_6' title="bbox 549 1875 893 1946">
     <span class='ocr_line' id='line_1_16' title="bbox 549 1875 893 1946; baseline 0.012 -16"><span class='ocrx_word' id='word_1_94' title='bbox 549 1875 648 1933; x_wconf 86' lang='lat' dir='ltr'>xnn.</span> <span class='ocrx_word' id='word_1_95' title='bbox 679 1875 893 1946; x_wconf 75' lang='lat' dir='ltr'>ANTIQUAa.</span> 
     </span>
    </p>
   </div>
   <div class='ocr_carea' id='block_1_7' title="bbox 165 1989 1286 2160">
    <p class='ocr_par' dir='ltr' id='par_1_7' title="bbox 165 1989 1286 2160">
     <span class='ocr_line' id='line_1_17' title="bbox 165 1989 1286 2073; baseline 0 -21"><span class='ocrx_word' id='word_1_96' title='bbox 165 1990 207 2052; x_wconf 83' lang='lat' dir='ltr'>si</span> <span class='ocrx_word' id='word_1_97' title='bbox 231 2010 352 2073; x_wconf 88' lang='lat' dir='ltr'>pecus</span> <span class='ocrx_word' id='word_1_98' title='bbox 377 1989 568 2053; x_wconf 85' lang='lat' dir='ltr'>alienum</span> <span class='ocrx_word' id='word_1_99' title='bbox 593 1989 762 2053; x_wconf 87' lang='lat' dir='ltr'>sciente</span> <span class='ocrx_word' id='word_1_100' title='bbox 791 2011 842 2052; x_wconf 87' lang='lat' dir='ltr'>an</span> <span class='ocrx_word' id='word_1_101' title='bbox 865 1990 1100 2072; x_wconf 87' lang='lat' dir='ltr'>ignorante</span> <span class='ocrx_word' id='word_1_102' title='bbox 1125 1989 1286 2053; x_wconf 91' lang='lat' dir='ltr'>domino</span> 
     </span>
     <span class='ocr_line' id='line_1_18' title="bbox 400 2070 1048 2160; baseline -0.005 -19"><span class='ocrx_word' id='word_1_103' title='bbox 400 2078 523 2160; x_wconf 84' lang='lat' dir='ltr'>gregi</span> <span class='ocrx_word' id='word_1_104' title='bbox 552 2077 741 2141; x_wconf 90' lang='lat' dir='ltr'>alterius</span> <span class='ocrx_word' id='word_1_105' title='bbox 772 2070 1048 2142; x_wconf 73' lang='lat' dir='ltr'>misceaturb.</span> 
     </span>
    </p>
   </div>
   <div class='ocr_carea' id='block_1_8' title="bbox 164 2182 1288 2976">
    <p class='ocr_par' dir='ltr' id='par_1_8' title="bbox 164 2182 1288 2976">
     <span class='ocr_line' id='line_1_19' title="bbox 274 2182 1287 2266; baseline -0.001 -19"><span class='ocrx_word' id='word_1_106' title='bbox 274 2183 311 2247; x_wconf 79' lang='lat' dir='ltr'>si</span> <span class='ocrx_word' id='word_1_107' title='bbox 335 2182 520 2247; x_wconf 90' lang='lat' dir='ltr'>cuiuslibet</span> <span class='ocrx_word' id='word_1_108' title='bbox 542 2202 667 2266; x_wconf 87' lang='lat' dir='ltr'>pecora</span> <span class='ocrx_word' id='word_1_109' title='bbox 690 2204 767 2246; x_wconf 90' lang='lat' dir='ltr'>cum</span> <span class='ocrx_word' id='word_1_110' title='bbox 791 2183 937 2247; x_wconf 90' lang='lat' dir='ltr'>alicuius</span> <span class='ocrx_word' id='word_1_111' title='bbox 960 2203 995 2248; x_wconf 95' lang='lat' dir='ltr'>se</span> <span class='ocrx_word' id='word_1_112' title='bbox 1019 2183 1229 2257; x_wconf 79' lang='lat' dir='ltr'>miscuerint,</span> <span class='ocrx_word' id='word_1_113' title='bbox 1251 2186 1287 2248; x_wconf 90' lang='lat' dir='ltr'>et</span> 
     </span>
     <span class='ocr_line' id='line_1_20' title="bbox 166 2271 1286 2356; baseline 0 -21"><span class='ocrx_word' id='word_1_114' title='bbox 166 2274 230 2337; x_wconf 92' lang='lat' dir='ltr'>hoc</span> <span class='ocrx_word' id='word_1_115' title='bbox 261 2274 334 2356; x_wconf 91' lang='lat' dir='ltr'>ipse</span> <span class='ocrx_word' id='word_1_116' title='bbox 362 2271 609 2356; x_wconf 71' lang='lat' dir='ltr'>prospexerit0,</span> <span class='ocrx_word' id='word_1_117' title='bbox 639 2274 675 2336; x_wconf 90' lang='lat' dir='ltr'>et</span> <span class='ocrx_word' id='word_1_118' title='bbox 703 2271 751 2335; x_wconf 90' lang='lat' dir='ltr'>sic</span> <span class='ocrx_word' id='word_1_119' title='bbox 776 2272 818 2336; x_wconf 92' lang='lat' dir='ltr'>de</span> <span class='ocrx_word' id='word_1_120' title='bbox 841 2272 950 2355; x_wconf 92' lang='lat' dir='ltr'>ipsius</span> <span class='ocrx_word' id='word_1_121' title='bbox 972 2292 1077 2356; x_wconf 85' lang='lat' dir='ltr'>grege</span> <span class='ocrx_word' id='word_1_122' title='bbox 1100 2272 1286 2350; x_wconf 87' lang='lat' dir='ltr'>habierint,</span> 
     </span>
     <span class='ocr_line' id='line_1_21' title="bbox 165 2359 1288 2445; baseline -0.001 -21"><span class='ocrx_word' id='word_1_123' title='bbox 165 2364 205 2424; x_wconf 89' lang='lat' dir='ltr'>ut</span> <span class='ocrx_word' id='word_1_124' title='bbox 228 2361 361 2424; x_wconf 89' lang='lat' dir='ltr'>nullam</span> <span class='ocrx_word' id='word_1_125' title='bbox 385 2380 426 2424; x_wconf 98' lang='lat' dir='ltr'>ex</span> <span class='ocrx_word' id='word_1_126' title='bbox 441 2359 507 2424; x_wconf 90' lang='lat' dir='ltr'>hoc</span> <span class='ocrx_word' id='word_1_127' title='bbox 527 2360 772 2425; x_wconf 84' lang='lat' dir='ltr'>conscientiam</span> <span class='ocrx_word' id='word_1_128' title='bbox 787 2360 925 2437; x_wconf 82' lang='lat' dir='ltr'>habeat,</span> <span class='ocrx_word' id='word_1_129' title='bbox 951 2361 1109 2424; x_wconf 91' lang='lat' dir='ltr'>dominus</span> <span class='ocrx_word' id='word_1_130' title='bbox 1124 2381 1288 2445; x_wconf 85' lang='lat' dir='ltr'>pecorum</span> 
     </span>
     <span class='ocr_line' id='line_1_22' title="bbox 166 2443 1287 2534; baseline 0 -20"><span class='ocrx_word' id='word_1_131' title='bbox 166 2443 440 2514; x_wconf 66' lang='lat' dir='ltr'>sacramentuml¹</span> <span class='ocrx_word' id='word_1_132' title='bbox 460 2449 503 2514; x_wconf 85' lang='lat' dir='ltr'>ab</span> <span class='ocrx_word' id='word_1_133' title='bbox 520 2449 640 2514; x_wconf 91' lang='lat' dir='ltr'>eodem</span> <span class='ocrx_word' id='word_1_134' title='bbox 657 2449 814 2534; x_wconf 82' lang='lat' dir='ltr'>accipiat,</span> <span class='ocrx_word' id='word_1_135' title='bbox 839 2451 931 2533; x_wconf 89' lang='lat' dir='ltr'>quod</span> <span class='ocrx_word' id='word_1_136' title='bbox 954 2471 1025 2514; x_wconf 90' lang='lat' dir='ltr'>non</span> <span class='ocrx_word' id='word_1_137' title='bbox 1040 2449 1148 2534; x_wconf 91' lang='lat' dir='ltr'>ipsius</span> <span class='ocrx_word' id='word_1_138' title='bbox 1163 2450 1287 2514; x_wconf 79' lang='lat' dir='ltr'>fraude</span> 
     </span>
     <span class='ocr_line' id='line_1_23' title="bbox 164 2538 1288 2623; baseline -0.002 -19"><span class='ocrx_word' id='word_1_139' title='bbox 164 2539 219 2604; x_wconf 94' lang='lat' dir='ltr'>vel</span> <span class='ocrx_word' id='word_1_140' title='bbox 243 2539 346 2623; x_wconf 89' lang='lat' dir='ltr'>culpa</span> <span class='ocrx_word' id='word_1_141' title='bbox 370 2538 492 2603; x_wconf 85' lang='lat' dir='ltr'>exinde</span> <span class='ocrx_word' id='word_1_142' title='bbox 516 2538 752 2616; x_wconf 87' lang='lat' dir='ltr'>abscesserint,</span> <span class='ocrx_word' id='word_1_143' title='bbox 782 2542 818 2603; x_wconf 89' lang='lat' dir='ltr'>et</span> <span class='ocrx_word' id='word_1_144' title='bbox 845 2559 908 2604; x_wconf 89' lang='lat' dir='ltr'>nec</span> <span class='ocrx_word' id='word_1_145' title='bbox 939 2539 1005 2604; x_wconf 91' lang='lat' dir='ltr'>sibi</span> <span class='ocrx_word' id='word_1_146' title='bbox 1035 2559 1076 2604; x_wconf 89' lang='lat' dir='ltr'>ea</span> <span class='ocrx_word' id='word_1_147' title='bbox 1102 2539 1288 2623; x_wconf 89' lang='lat' dir='ltr'>presumsit</span> 
     </span>
     <span class='ocr_line' id='line_1_24' title="bbox 165 2626 1288 2712; baseline 0 -22"><span class='ocrx_word' id='word_1_148' title='bbox 165 2649 228 2693; x_wconf 90' lang='lat' dir='ltr'>nec</span> <span class='ocrx_word' id='word_1_149' title='bbox 251 2628 356 2693; x_wconf 90' lang='lat' dir='ltr'>alicui</span> <span class='ocrx_word' id='word_1_150' title='bbox 378 2626 536 2703; x_wconf 90' lang='lat' dir='ltr'>tradidit,</span> <span class='ocrx_word' id='word_1_151' title='bbox 567 2630 603 2693; x_wconf 90' lang='lat' dir='ltr'>et</span> <span class='ocrx_word' id='word_1_152' title='bbox 632 2627 721 2691; x_wconf 91' lang='lat' dir='ltr'>nihil</span> <span class='ocrx_word' id='word_1_153' title='bbox 752 2630 897 2712; x_wconf 89' lang='lat' dir='ltr'>cogatur</span> <span class='ocrx_word' id='word_1_154' title='bbox 920 2627 1086 2693; x_wconf 85' lang='lat' dir='ltr'>exolvere.</span> <span class='ocrx_word' id='word_1_155' title='bbox 1135 2626 1235 2706; x_wconf 81' lang='lat' dir='ltr'>Quod</span> <span class='ocrx_word' id='word_1_156' title='bbox 1258 2627 1288 2691; x_wconf 92' lang='lat' dir='ltr'>si</span> 
     </span>
     <span class='ocr_line' id='line_1_25' title="bbox 165 2715 1288 2792; baseline -0.003 -11"><span class='ocrx_word' id='word_1_157' title='bbox 165 2719 209 2781; x_wconf 87' lang='lat' dir='ltr'>ad</span> <span class='ocrx_word' id='word_1_158' title='bbox 241 2718 381 2781; x_wconf 90' lang='lat' dir='ltr'>domum</span> <span class='ocrx_word' id='word_1_159' title='bbox 411 2737 508 2780; x_wconf 91' lang='lat' dir='ltr'>suam</span> <span class='ocrx_word' id='word_1_160' title='bbox 538 2715 736 2792; x_wconf 84' lang='lat' dir='ltr'>adduxerit,</span> <span class='ocrx_word' id='word_1_161' title='bbox 768 2719 804 2781; x_wconf 89' lang='lat' dir='ltr'>et</span> <span class='ocrx_word' id='word_1_162' title='bbox 833 2717 984 2781; x_wconf 88' lang='lat' dir='ltr'>iudicem</span> <span class='ocrx_word' id='word_1_163' title='bbox 1014 2737 1084 2781; x_wconf 91' lang='lat' dir='ltr'>non</span> <span class='ocrx_word' id='word_1_164' title='bbox 1113 2716 1288 2781; x_wconf 89' lang='lat' dir='ltr'>monuerit</span> 
     </span>
     <span class='ocr_line' id='line_1_26' title="bbox 164 2804 1287 2888; baseline -0.004 -18"><span class='ocrx_word' id='word_1_165' title='bbox 164 2806 218 2870; x_wconf 95' lang='lat' dir='ltr'>vel</span> <span class='ocrx_word' id='word_1_166' title='bbox 242 2807 279 2868; x_wconf 93' lang='lat' dir='ltr'>in</span> <span class='ocrx_word' id='word_1_167' title='bbox 303 2807 475 2870; x_wconf 92' lang='lat' dir='ltr'>conventu</span> <span class='ocrx_word' id='word_1_168' title='bbox 505 2804 644 2888; x_wconf 89' lang='lat' dir='ltr'>publice</span> <span class='ocrx_word' id='word_1_169' title='bbox 671 2805 764 2868; x_wconf 80' lang='lat' dir='ltr'>infra</span> <span class='ocrx_word' id='word_1_170' title='bbox 792 2805 974 2870; x_wconf 77' lang='lat' dir='ltr'>octabum⁰</span> <span class='ocrx_word' id='word_1_171' title='bbox 1004 2805 1095 2870; x_wconf 88' lang='lat' dir='ltr'>diem</span> <span class='ocrx_word' id='word_1_172' title='bbox 1118 2825 1188 2869; x_wconf 90' lang='lat' dir='ltr'>non</span> <span class='ocrx_word' id='word_1_173' title='bbox 1212 2825 1287 2868; x_wconf 90' lang='lat' dir='ltr'>con-</span> 
     </span>
     <span class='ocr_line' id='line_1_27' title="bbox 164 2892 751 2976; baseline -0.005 -18"><span class='ocrx_word' id='word_1_174' title='bbox 164 2895 354 2969; x_wconf 84' lang='lat' dir='ltr'>testaverit,</span> <span class='ocrx_word' id='word_1_175' title='bbox 380 2892 525 2976; x_wconf 91' lang='lat' dir='ltr'>duplum</span> <span class='ocrx_word' id='word_1_176' title='bbox 549 2893 751 2957; x_wconf 84' lang='lat' dir='ltr'>satisfaciat.</span> 
     </span>
    </p>
   </div>
   <div class='ocr_carea' id='block_1_9' title="bbox 568 3045 877 3116">
    <p class='ocr_par' dir='ltr' id='par_1_9' title="bbox 568 3045 877 3116">
     <span class='ocr_line' id='line_1_28' title="bbox 568 3045 877 3116; baseline 0.01 -17"><span class='ocrx_word' id='word_1_177' title='bbox 568 3045 632 3102; x_wconf 86' lang='lat' dir='ltr'>xv.</span> <span class='ocrx_word' id='word_1_178' title='bbox 663 3045 877 3116; x_wconf 69' lang='lat' dir='ltr'>inmensa.</span> 
     </span>
    </p>
   </div>
   <div class='ocr_carea' id='block_1_10' title="bbox 165 3150 1286 3330">
    <p class='ocr_par' dir='ltr' id='par_1_10' title="bbox 165 3150 1286 3330">
     <span class='ocr_line' id='line_1_29' title="bbox 166 3150 1286 3242; baseline 0.001 -22"><span class='ocrx_word' id='word_1_179' title='bbox 166 3150 233 3221; x_wconf 82' lang='lat' dir='ltr'>Sib</span> <span class='ocrx_word' id='word_1_180' title='bbox 269 3157 450 3220; x_wconf 88' lang='lat' dir='ltr'>animali</span> <span class='ocrx_word' id='word_1_181' title='bbox 485 3158 784 3240; x_wconf 89' lang='lat' dir='ltr'>quodcumque</span> <span class='ocrx_word' id='word_1_182' title='bbox 820 3158 1023 3241; x_wconf 84' lang='lat' dir='ltr'>pavidum</span> <span class='ocrx_word' id='word_1_183' title='bbox 1057 3158 1286 3242; x_wconf 88' lang='lat' dir='ltr'>inligetur,</span> 
     </span>
     <span class='ocr_line' id='line_1_30' title="bbox 165 3245 1286 3330; baseline 0 -20"><span class='ocrx_word' id='word_1_184' title='bbox 165 3266 239 3329; x_wconf 91' lang='lat' dir='ltr'>per</span> <span class='ocrx_word' id='word_1_185' title='bbox 262 3247 375 3328; x_wconf 93' lang='lat' dir='ltr'>quod</span> <span class='ocrx_word' id='word_1_186' title='bbox 399 3249 565 3330; x_wconf 89' lang='lat' dir='ltr'>ruptum</span> <span class='ocrx_word' id='word_1_187' title='bbox 588 3249 663 3309; x_wconf 89' lang='lat' dir='ltr'>aut</span> <span class='ocrx_word' id='word_1_188' title='bbox 687 3245 956 3310; x_wconf 89' lang='lat' dir='ltr'>debilitetur</span> <span class='ocrx_word' id='word_1_189' title='bbox 979 3249 1054 3310; x_wconf 88' lang='lat' dir='ltr'>aut</span> <span class='ocrx_word' id='word_1_190' title='bbox 1078 3247 1286 3310; x_wconf 89' lang='lat' dir='ltr'>moriatur.</span> 
     </span>
    </p>
   </div>
   <div class='ocr_carea' id='block_1_11' title="bbox 164 3351 1288 3524">
    <p class='ocr_par' dir='ltr' id='par_1_11' title="bbox 164 3351 1288 3524">
     <span class='ocr_line' id='line_1_31' title="bbox 273 3351 1288 3436; baseline 0.001 -21"><span class='ocrx_word' id='word_1_191' title='bbox 273 3351 332 3415; x_wconf 83' lang='lat' dir='ltr'>Si¹</span> <span class='ocrx_word' id='word_1_192' title='bbox 362 3353 438 3434; x_wconf 92' lang='lat' dir='ltr'>quis</span> <span class='ocrx_word' id='word_1_193' title='bbox 469 3355 574 3436; x_wconf 87' lang='lat' dir='ltr'>eaput</span> <span class='ocrx_word' id='word_1_194' title='bbox 604 3352 733 3416; x_wconf 89' lang='lat' dir='ltr'>mortui</span> <span class='ocrx_word' id='word_1_195' title='bbox 763 3353 896 3436; x_wconf 90' lang='lat' dir='ltr'>pecoris</span> <span class='ocrx_word' id='word_1_196' title='bbox 926 3356 989 3416; x_wconf 88' lang='lat' dir='ltr'>aut</span> <span class='ocrx_word' id='word_1_197' title='bbox 1019 3373 1095 3417; x_wconf 87' lang='lat' dir='ltr'>ossa</span> <span class='ocrx_word' id='word_1_198' title='bbox 1121 3354 1196 3418; x_wconf 80' lang='lat' dir='ltr'>vel⁰</span> <span class='ocrx_word' id='word_1_199' title='bbox 1229 3353 1288 3417; x_wconf 91' lang='lat' dir='ltr'>ali·</span> 
     </span>
     <span class='ocr_line' id='line_1_32' title="bbox 164 3440 1288 3524; baseline 0.002 -20"><span class='ocrx_word' id='word_1_200' title='bbox 164 3442 257 3524; x_wconf 88' lang='lat' dir='ltr'>quid,</span> <span class='ocrx_word' id='word_1_201' title='bbox 286 3442 379 3505; x_wconf 89' lang='lat' dir='ltr'>unde</span> <span class='ocrx_word' id='word_1_202' title='bbox 402 3440 531 3504; x_wconf 88' lang='lat' dir='ltr'>animal</span> <span class='ocrx_word' id='word_1_203' title='bbox 559 3444 742 3518; x_wconf 87' lang='lat' dir='ltr'>terreatur,</span> <span class='ocrx_word' id='word_1_204' title='bbox 775 3442 819 3504; x_wconf 88' lang='lat' dir='ltr'>ad</span> <span class='ocrx_word' id='word_1_205' title='bbox 850 3441 996 3506; x_wconf 87' lang='lat' dir='ltr'>caudam</span> <span class='ocrx_word' id='word_1_206' title='bbox 1026 3441 1153 3507; x_wconf 86' lang='lat' dir='ltr'>caballi</span> <span class='ocrx_word' id='word_1_207' title='bbox 1183 3442 1288 3506; x_wconf 89' lang='lat' dir='ltr'>credi·</span> 
     </span>
    </p>
   </div>
   <div class='ocr_carea' id='block_1_12' title="bbox 164 3594 1290 3912">
    <p class='ocr_par' dir='ltr' id='par_1_12' title="bbox 271 3594 540 3646">
     <span class='ocr_line' id='line_1_33' title="bbox 271 3594 540 3646; baseline 0.007 -11"><span class='ocrx_word' id='word_1_208' title='bbox 271 3599 292 3644; x_wconf 85' lang='lat' dir='ltr'>o)</span> <span class='ocrx_word' id='word_1_209' title='bbox 306 3594 476 3646; x_wconf 69' lang='lat' dir='ltr'>quadrupedem</span> <span class='ocrx_word' id='word_1_210' title='bbox 491 3596 512 3635; x_wconf 90' lang='grc' dir='ltr'><strong><em>Β</em></strong></span> <span class='ocrx_word' id='word_1_211' title='bbox 521 3597 540 3639; x_wconf 74' lang='lat'>8.</span> 
     </span>
    </p>

    <p class='ocr_par' dir='ltr' id='par_1_13' title="bbox 164 3646 1290 3858">
     <span class='ocr_line' id='line_1_34' title="bbox 271 3646 1290 3701; baseline 0.001 -12"><span class='ocrx_word' id='word_1_212' title='bbox 271 3650 333 3693; x_wconf 91' lang='lat' dir='ltr'>x111.</span> <span class='ocrx_word' id='word_1_213' title='bbox 380 3653 402 3699; x_wconf 74' lang='lat' dir='ltr'>s)</span> <span class='ocrx_word' id='word_1_214' title='bbox 417 3651 474 3690; x_wconf 68' lang='lat' dir='ltr'>aaut</span> <span class='ocrx_word' id='word_1_215' title='bbox 488 3650 508 3689; x_wconf 98' lang='grc' dir='ltr'><strong><em>Β</em></strong></span> <span class='ocrx_word' id='word_1_216' title='bbox 517 3650 537 3693; x_wconf 75' lang='lat'>2.</span> <span class='ocrx_word' id='word_1_217' title='bbox 607 3650 631 3697; x_wconf 88' lang='lat' dir='ltr'>b)</span> <span class='ocrx_word' id='word_1_218' title='bbox 646 3649 697 3689; x_wconf 82' lang='lat' dir='ltr'>illut</span> <span class='ocrx_word' id='word_1_219' title='bbox 710 3646 786 3690; x_wconf 84' lang='lat' dir='ltr'>debile</span> <span class='ocrx_word' id='word_1_220' title='bbox 800 3649 849 3693; x_wconf 70' lang='lat' dir='ltr'>Bt.</span> <span class='ocrx_word' id='word_1_221' title='bbox 917 3649 938 3701; x_wconf 84' lang='lat' dir='ltr'>o)</span> <span class='ocrx_word' id='word_1_222' title='bbox 952 3649 1039 3690; x_wconf 68' lang='lat' dir='ltr'>saballo</span> <span class='ocrx_word' id='word_1_223' title='bbox 1054 3650 1102 3693; x_wconf 71' lang='lat' dir='ltr'>Bt.</span> <span class='ocrx_word' id='word_1_224' title='bbox 1170 3647 1194 3699; x_wconf 86' lang='lat' dir='ltr'>d)</span> <span class='ocrx_word' id='word_1_225' title='bbox 1208 3650 1290 3691; x_wconf 80' lang='lat' dir='ltr'>bovem</span> 
     </span>
     <span class='ocr_line' id='line_1_35' title="bbox 164 3704 1288 3809; baseline 0 -14"><span class='ocrx_word' id='word_1_226' title='bbox 164 3708 187 3744; x_wconf 50' lang='lat' dir='ltr'>et</span> <span class='ocrx_word' id='word_1_227' title='bbox 201 3704 240 3746; x_wconf 55' lang='lat' dir='ltr'>rel</span> <span class='ocrx_word' id='word_1_228' title='bbox 255 3704 345 3798; x_wconf 63' lang='lat' dir='ltr'>lixtm</span> <span class='ocrx_word' id='word_1_229' title='bbox 386 3759 408 3805; x_wconf 79' lang='lat' dir='ltr'>a)</span> <span class='ocrx_word' id='word_1_230' title='bbox 423 3758 480 3796; x_wconf 74' lang='lat' dir='ltr'>duct</span> <span class='ocrx_word' id='word_1_231' title='bbox 494 3757 514 3796; x_wconf 98' lang='grc' dir='ltr'><strong><em>Β</em></strong></span> <span class='ocrx_word' id='word_1_232' title='bbox 523 3758 543 3800; x_wconf 82' lang='grc'>2.</span> <span class='ocrx_word' id='word_1_233' title='bbox 603 3757 627 3805; x_wconf 86' lang='lat' dir='ltr'>b)</span> <span class='ocrx_word' id='word_1_234' title='bbox 641 3757 734 3797; x_wconf 70' lang='lat' dir='ltr'>rubeant</span> <span class='ocrx_word' id='word_1_235' title='bbox 748 3758 795 3800; x_wconf 67' lang='lat'>131.</span> <span class='ocrx_word' id='word_1_236' title='bbox 850 3759 871 3806; x_wconf 86' lang='lat' dir='ltr'>c)</span> <span class='ocrx_word' id='word_1_237' title='bbox 885 3756 1028 3806; x_wconf 79' lang='lat' dir='ltr'>prospexerit</span> <span class='ocrx_word' id='word_1_238' title='bbox 1041 3757 1062 3796; x_wconf 89' lang='grc' dir='ltr'><strong><em>Β</em></strong></span> <span class='ocrx_word' id='word_1_239' title='bbox 1071 3758 1090 3800; x_wconf 78' lang='lat'>2.</span> <span class='ocrx_word' id='word_1_240' title='bbox 1150 3755 1174 3807; x_wconf 85' lang='lat' dir='ltr'>d)</span> <span class='ocrx_word' id='word_1_241' title='bbox 1187 3758 1219 3795; x_wconf 70' lang='lat' dir='ltr'>Ita</span> <span class='ocrx_word' id='word_1_242' title='bbox 1234 3757 1254 3796; x_wconf 98' lang='grc' dir='ltr'><strong><em>Β</em></strong></span> <span class='ocrx_word' id='word_1_243' title='bbox 1263 3757 1288 3809; x_wconf 73' lang='lat'>23</span> 
     </span>
     <span class='ocr_line' id='line_1_36' title="bbox 164 3808 669 3858; baseline 0.004 -10"><span class='ocrx_word' id='word_1_244' title='bbox 164 3815 305 3849; x_wconf 66' lang='lat' dir='ltr'>sacramento</span> <span class='ocrx_word' id='word_1_245' title='bbox 319 3810 366 3851; x_wconf 84' lang='grc' dir='ltr'>ΒΙ.</span> <span class='ocrx_word' id='word_1_246' title='bbox 421 3812 443 3858; x_wconf 89' lang='lat' dir='ltr'>e)</span> <span class='ocrx_word' id='word_1_247' title='bbox 458 3811 555 3850; x_wconf 75' lang='lat' dir='ltr'>hoetm</span> <span class='ocrx_word' id='word_1_248' title='bbox 569 3808 606 3850; x_wconf 81' lang='lat' dir='ltr'>dle</span> <span class='ocrx_word' id='word_1_249' title='bbox 621 3810 669 3852; x_wconf 67' lang='lat'>112.</span> 
     </span>
    </p>

    <p class='ocr_par' dir='ltr' id='par_1_14' title="bbox 270 3863 973 3912">
     <span class='ocr_line' id='line_1_37' title="bbox 270 3863 973 3912; baseline 0.006 -10"><span class='ocrx_word' id='word_1_250' title='bbox 270 3864 317 3906; x_wconf 79' lang='lat' dir='ltr'>xv.</span> <span class='ocrx_word' id='word_1_251' title='bbox 358 3865 380 3910; x_wconf 81' lang='lat' dir='ltr'>a)</span> <span class='ocrx_word' id='word_1_252' title='bbox 394 3864 450 3902; x_wconf 72' lang='lat' dir='ltr'>decet</span> <span class='ocrx_word' id='word_1_253' title='bbox 464 3864 513 3906; x_wconf 64' lang='lat'>132.</span> <span class='ocrx_word' id='word_1_254' title='bbox 568 3864 591 3911; x_wconf 89' lang='lat' dir='ltr'>b)</span> <span class='ocrx_word' id='word_1_255' title='bbox 606 3864 656 3912; x_wconf 76' lang='lat' dir='ltr'>qula</span> <span class='ocrx_word' id='word_1_256' title='bbox 671 3864 723 3906; x_wconf 81' lang='lat' dir='ltr'>add.</span> <span class='ocrx_word' id='word_1_257' title='bbox 737 3863 784 3906; x_wconf 82' lang='grc' dir='ltr'>Βι.</span> <span class='ocrx_word' id='word_1_258' title='bbox 839 3865 859 3911; x_wconf 87' lang='lat' dir='ltr'>o)</span> <span class='ocrx_word' id='word_1_259' title='bbox 873 3867 913 3903; x_wconf 70' lang='lat' dir='ltr'>aut</span> <span class='ocrx_word' id='word_1_260' title='bbox 927 3864 973 3906; x_wconf 83' lang='grc' dir='ltr'>ΒΙ.</span> 
     </span>
    </p>
   </div>
   <div class='ocr_carea' id='block_1_13' title="bbox 164 3986 1289 4408">
    <p class='ocr_par' dir='ltr' id='par_1_15' title="bbox 164 3986 1289 4408">
     <span class='ocr_line' id='line_1_38' title="bbox 166 3986 1288 4055; baseline 0.004 -18"><span class='ocrx_word' id='word_1_261' title='bbox 166 3986 317 4038; x_wconf 73' lang='lat' dir='ltr'>Micscthat’</span> <span class='ocrx_word' id='word_1_262' title='bbox 335 4004 361 4053; x_wconf 83' lang='lat' dir='ltr'>p.</span> <span class='ocrx_word' id='word_1_263' title='bbox 377 3988 432 4042; x_wconf 83' lang='lat'>834</span> <span class='ocrx_word' id='word_1_264' title='bbox 443 4003 497 4054; x_wconf 74' lang='lat' dir='ltr'>sqq.</span> <span class='ocrx_word' id='word_1_265' title='bbox 526 3988 584 4040; x_wconf 64' lang='lat' dir='ltr'>La</span> <span class='ocrx_word' id='word_1_266' title='bbox 601 3994 707 4055; x_wconf 77' lang='lat' dir='ltr'>receptu</span> <span class='ocrx_word' id='word_1_267' title='bbox 724 3994 762 4040; x_wconf 76' lang='lat' dir='ltr'>est</span> <span class='ocrx_word' id='word_1_268' title='bbox 779 4003 812 4040; x_wconf 74' lang='lat' dir='ltr'>ex</span> <span class='ocrx_word' id='word_1_269' title='bbox 831 3989 890 4039; x_wconf 69' lang='lat' dir='ltr'>ture</span> <span class='ocrx_word' id='word_1_270' title='bbox 902 3987 1039 4050; x_wconf 65' lang='lat' dir='ltr'>lienteum·</span> <span class='ocrx_word' id='word_1_271' title='bbox 1057 3989 1092 4052; x_wconf 84' lang='lat' dir='ltr'>cf.</span> <span class='ocrx_word' id='word_1_272' title='bbox 1106 3987 1138 4042; x_wconf 94' lang='lat' dir='ltr'>L.</span> <span class='ocrx_word' id='word_1_273' title='bbox 1152 3988 1288 4043; x_wconf 76' lang='lat' dir='ltr'>Rom.V⁸&#39;s.</span> 
     </span>
     <span class='ocr_line' id='line_1_39' title="bbox 165 4055 1288 4125; baseline 0.003 -18"><span class='ocrx_word' id='word_1_274' title='bbox 165 4057 244 4109; x_wconf 85' lang='lat' dir='ltr'>Paul.</span> <span class='ocrx_word' id='word_1_275' title='bbox 265 4057 287 4121; x_wconf 92' lang='lat' dir='ltr'>I,</span> <span class='ocrx_word' id='word_1_276' title='bbox 309 4057 350 4124; x_wconf 83' lang='lat'>15,</span> <span class='ocrx_word' id='word_1_277' title='bbox 372 4060 394 4111; x_wconf 93' lang='lat'>1.</span> <span class='ocrx_word' id='word_1_278' title='bbox 422 4057 497 4110; x_wconf 75' lang='lat' dir='ltr'>Inter</span> <span class='ocrx_word' id='word_1_279' title='bbox 533 4076 555 4112; x_wconf 91' lang='lat'>.:</span> <span class='ocrx_word' id='word_1_280' title='bbox 583 4055 614 4111; x_wconf 81' lang='lat' dir='ltr'>Si</span> <span class='ocrx_word' id='word_1_281' title='bbox 637 4057 757 4111; x_wconf 77' lang='lat' dir='ltr'>alienum</span> <span class='ocrx_word' id='word_1_282' title='bbox 780 4057 881 4110; x_wconf 74' lang='lat' dir='ltr'>animal</span> <span class='ocrx_word' id='word_1_283' title='bbox 905 4057 1069 4125; x_wconf 81' lang='lat' dir='ltr'>cuicumque</span> <span class='ocrx_word' id='word_1_284' title='bbox 1092 4055 1223 4110; x_wconf 80' lang='lat' dir='ltr'>damnum</span> <span class='ocrx_word' id='word_1_285' title='bbox 1247 4056 1288 4110; x_wconf 86' lang='lat' dir='ltr'>iu·</span> 
     </span>
     <span class='ocr_line' id='line_1_40' title="bbox 164 4126 1288 4195; baseline 0.003 -16"><span class='ocrx_word' id='word_1_286' title='bbox 164 4127 258 4180; x_wconf 86' lang='lat' dir='ltr'>tulerit</span> <span class='ocrx_word' id='word_1_287' title='bbox 283 4130 330 4178; x_wconf 84' lang='lat' dir='ltr'>eut</span> <span class='ocrx_word' id='word_1_288' title='bbox 355 4126 468 4180; x_wconf 80' lang='lat' dir='ltr'>alicuius</span> <span class='ocrx_word' id='word_1_289' title='bbox 537 4132 597 4181; x_wconf 87' lang='lat' dir='ltr'>otus</span> <span class='ocrx_word' id='word_1_290' title='bbox 622 4128 739 4195; x_wconf 80' lang='lat' dir='ltr'>laeserit,</span> <span class='ocrx_word' id='word_1_291' title='bbox 765 4127 892 4181; x_wconf 89' lang='lat' dir='ltr'>dominus</span> <span class='ocrx_word' id='word_1_292' title='bbox 918 4129 976 4181; x_wconf 87' lang='lat' dir='ltr'>eius</span> <span class='ocrx_word' id='word_1_293' title='bbox 1000 4133 1047 4182; x_wconf 83' lang='lat' dir='ltr'>eut</span> <span class='ocrx_word' id='word_1_294' title='bbox 1070 4128 1288 4182; x_wconf 79' lang='lat' dir='ltr'>aestimationem</span> 
     </span>
     <span class='ocr_line' id='line_1_41' title="bbox 164 4196 1289 4267; baseline 0.002 -17"><span class='ocrx_word' id='word_1_295' title='bbox 164 4197 257 4250; x_wconf 81' lang='lat' dir='ltr'>damni</span> <span class='ocrx_word' id='word_1_296' title='bbox 276 4196 374 4251; x_wconf 84' lang='lat' dir='ltr'>reddet</span> <span class='ocrx_word' id='word_1_297' title='bbox 392 4202 440 4250; x_wconf 84' lang='lat' dir='ltr'>eut</span> <span class='ocrx_word' id='word_1_298' title='bbox 458 4198 547 4266; x_wconf 90' lang='lat' dir='ltr'>ipsum</span> <span class='ocrx_word' id='word_1_299' title='bbox 567 4198 667 4252; x_wconf 77' lang='lat' dir='ltr'>animal</span> <span class='ocrx_word' id='word_1_300' title='bbox 685 4198 784 4254; x_wconf 75' lang='lat' dir='ltr'>tradet.</span> <span class='ocrx_word' id='word_1_301' title='bbox 821 4197 903 4267; x_wconf 77' lang='lat' dir='ltr'>Quod</span> <span class='ocrx_word' id='word_1_302' title='bbox 922 4199 1005 4253; x_wconf 80' lang='lat' dir='ltr'>etiam</span> <span class='ocrx_word' id='word_1_303' title='bbox 1024 4198 1059 4252; x_wconf 88' lang='lat' dir='ltr'>de</span> <span class='ocrx_word' id='word_1_304' title='bbox 1078 4215 1145 4252; x_wconf 85' lang='lat' dir='ltr'>cene</span> <span class='ocrx_word' id='word_1_305' title='bbox 1165 4198 1289 4252; x_wconf 87' lang='lat' dir='ltr'>similiter</span> 
     </span>
     <span class='ocr_line' id='line_1_42' title="bbox 164 4269 1286 4337; baseline 0.002 -17"><span class='ocrx_word' id='word_1_306' title='bbox 164 4272 206 4321; x_wconf 83' lang='lat' dir='ltr'>est</span> <span class='ocrx_word' id='word_1_307' title='bbox 224 4272 365 4324; x_wconf 86' lang='lat' dir='ltr'>statutum.</span> <span class='ocrx_word' id='word_1_308' title='bbox 440 4272 466 4337; x_wconf 90' lang='lat'>1)</span> <span class='ocrx_word' id='word_1_309' title='bbox 484 4271 526 4335; x_wconf 82' lang='lat' dir='ltr'>Of.</span> <span class='ocrx_word' id='word_1_310' title='bbox 544 4270 576 4325; x_wconf 90' lang='lat' dir='ltr'>L.</span> <span class='ocrx_word' id='word_1_311' title='bbox 591 4271 676 4337; x_wconf 65' lang='lat' dir='ltr'>Bure.</span> <span class='ocrx_word' id='word_1_312' title='bbox 691 4273 733 4325; x_wconf 87' lang='grc'>73.</span> <span class='ocrx_word' id='word_1_313' title='bbox 753 4276 777 4322; x_wconf 77' lang='lat' dir='ltr'>et</span> <span class='ocrx_word' id='word_1_314' title='bbox 794 4270 827 4324; x_wconf 91' lang='lat' dir='ltr'>L.</span> <span class='ocrx_word' id='word_1_315' title='bbox 841 4271 917 4326; x_wconf 74' lang='lat' dir='ltr'>Rern.</span> <span class='ocrx_word' id='word_1_316' title='bbox 931 4271 1017 4336; x_wconf 72' lang='lat' dir='ltr'>Bury.</span> <span class='ocrx_word' id='word_1_317' title='bbox 1037 4272 1087 4326; x_wconf 80' lang='lat'>29:</span> <span class='ocrx_word' id='word_1_318' title='bbox 1107 4269 1148 4323; x_wconf 90' lang='lat' dir='ltr'>De</span> <span class='ocrx_word' id='word_1_319' title='bbox 1168 4269 1286 4337; x_wconf 78' lang='lat' dir='ltr'>cabellis,</span> 
     </span>
     <span class='ocr_line' id='line_1_43' title="bbox 164 4339 938 4408; baseline 0.012 -20"><span class='ocrx_word' id='word_1_320' title='bbox 164 4339 262 4405; x_wconf 85' lang='lat' dir='ltr'>quibus</span> <span class='ocrx_word' id='word_1_321' title='bbox 281 4357 311 4392; x_wconf 93' lang='lat' dir='ltr'>os</span> <span class='ocrx_word' id='word_1_322' title='bbox 331 4343 378 4392; x_wconf 84' lang='lat' dir='ltr'>eut</span> <span class='ocrx_word' id='word_1_323' title='bbox 396 4339 518 4394; x_wconf 82' lang='lat' dir='ltr'>scindols</span> <span class='ocrx_word' id='word_1_324' title='bbox 537 4340 572 4394; x_wconf 83' lang='lat' dir='ltr'>od</span> <span class='ocrx_word' id='word_1_325' title='bbox 590 4340 706 4395; x_wconf 70' lang='lat' dir='ltr'>caudam</span> <span class='ocrx_word' id='word_1_326' title='bbox 724 4339 810 4408; x_wconf 79' lang='lat' dir='ltr'>ligata</span> <span class='ocrx_word' id='word_1_327' title='bbox 827 4339 938 4397; x_wconf 86' lang='lat' dir='ltr'>fuerint.</span> 
     </span>
    </p>
   </div>
   <div class='ocr_carea' id='block_1_14' title="bbox 0 0 1508 4934">
    <p class='ocr_par' dir='ltr' id='par_1_16' title="bbox 0 0 1508 4934">
     <span class='ocr_line' id='line_1_44' title="bbox 0 0 1508 4934; baseline 0 0"><span class='ocrx_word' id='word_1_328' title='bbox 0 0 1508 4934; x_wconf 95' lang='lat' dir='ltr'> </span> 
     </span>
    </p>
   </div>
  </div>
 </body>
</html>
