3000 4934
185 373 239 427 306
392 366 471 423 LEX
488 366 604 422 VISIG.
623 364 892 420 saccassvmn.
929 363 997 432 XII,
1017 368 1043 433 2,
1057 367 1099 422 13.

186 543 382 634 uutugibc,
400 549 557 632 agabr02
573 552 628 614 et⁰
645 544 836 633 Epagrcd·³
852 548 1129 612 consistentibus.
1165 547 1310 611 Dudum

186 641 257 704 late
274 639 532 703 constitutionis
553 638 720 701 autoritas
737 659 758 700 a
773 637 912 700 domino
928 639 964 700 et
979 657 1174 720 precessore
1190 640 1309 700 nostro

185 729 381 792 Reccaredo
403 727 507 810 rege⁴
527 727 685 790 sufficere
706 728 852 809 poterat,
874 729 914 787 nt
930 726 1103 808 mancipia
1119 726 1310 790 christiana

186 817 387 881 nullatenus
414 816 451 878 in
475 816 687 879 Aebrcorum
717 815 792 881 iure
815 818 995 877 manerent
1018 814 1177 889 obnoxia,
1209 814 1239 877 si
1261 815 1309 877 in·

186 906 406 989 postmodum
445 907 565 966 contra
605 903 737 966 iustitie
775 903 957 965 instituta⁰
1001 923 1119 966 eorum
1157 904 1309 985 pravitas

187 994 409 1077 subripiendo
444 992 638 1077 principum
670 992 802 1054 animos
837 991 954 1073 aliqua
983 991 1049 1055 sibi
1078 991 1210 1054 iniusta
1239 1013 1309 1055 non

187 1082 423 1166 poposcissent
453 1079 632 1144 beneficia.
685 1079 844 1155 Proinde,
877 1079 960 1161 quia
990 1079 1064 1143 Deo
1095 1074 1306 1145 adiubantef

187 1170 300 1252 legem
327 1170 402 1233 fieri
430 1168 642 1233 decrevimus
671 1172 707 1232 et
729 1167 910 1231 fraudibus
939 1188 1057 1231 eorum
1085 1188 1146 1251 per
1175 1169 1309 1232 diversa

187 1257 368 1342 capitula⁸
386 1249 622 1333 obstitimush,
646 1256 725 1320 ideo
748 1277 810 1340 pro
833 1261 912 1331 eoss,
937 1257 1030 1338 quod
1045 1260 1138 1320 retro
1152 1260 1309 1340 tempore

186 1347 303 1410 fuerat
325 1347 497 1423 vitiatum,
528 1346 626 1408 iuxta
656 1344 809 1409 edictum
839 1348 920 1408 ante
949 1344 1034 1407 dicti
1061 1345 1227 1428 principis
1256 1347 1309 1410 de-

188 1436 375 1499 cernimus:
409 1437 462 1510 nt,
495 1434 524 1497 si
553 1455 622 1516 qua
651 1433 840 1496 christiana
870 1434 1042 1517 mancipia
1072 1454 1112 1497 eo
1141 1437 1307 1517 tempore,

187 1517 272 1606 qno¹
296 1524 464 1587 autoritas
480 1524 563 1586 data
578 1525 640 1598 est,
664 1522 702 1584 in
718 1543 836 1586 eornm
859 1522 932 1586 iure
954 1521 1062 1586 fuisse
1078 1517 1307 1605 probanturk,

187 1631 249 1675 seu
279 1612 349 1674 sint
379 1610 535 1674 libertati
563 1611 703 1688 tradita,
735 1631 796 1674 seu
825 1611 916 1674 forte
944 1612 988 1673 ad
1016 1610 1217 1674 libertatem
1239 1633 1309 1675 non

187 1700 336 1763 fuissent
359 1700 535 1782 perducta,
561 1700 604 1761 ad
622 1699 747 1762 civium
762 1699 996 1762 Romanorum
1011 1699 1193 1783 privilegia
1212 1700 1309 1764 iuxta

188 1792 304 1852 nostre
335 1788 421 1870 legis
452 1788 602 1872 edictum
631 1788 779 1851 transire
808 1788 968 1851 debeant.
1014 1787 1114 1864 Nam,
1146 1789 1212 1851 etsi
1242 1810 1309 1871 qna

188 1870 340 1940 inlicito¹
371 1896 458 1940 ausu
482 1877 524 1940 de
547 1876 682 1939 hisdem
706 1877 895 1959 mancipiis,
920 1897 986 1959 que
1009 1897 1071 1959 per
1093 1877 1308 1940 constitutio·

188 1986 268 2029 nem
300 1965 432 2047 regiam
465 1965 606 2028 fuerant
641 1964 813 2042 absoluta,
849 1965 886 2027 in
918 1965 993 2028 iure
1029 1965 1214 2029 cuiuslibet
1248 1987 1309 2049 per

188 2073 438 2136 quamcumque
468 2054 674 2137 scripturam
702 2053 910 2135 transegisse
936 2054 1011 2117 visa
1040 2058 1136 2130 sunt,
1166 2054 1309 2118 rescissa

187 2142 255 2205 tali
272 2143 504 2225 conligatione
528 2143 573 2205 ad
595 2143 771 2204 istatum¹¹1
794 2142 1032 2224 ingenuitatis,
1056 2145 1196 2225 recepto
1213 2143 1309 2206 iuxta

188 2231 282 2315 leges
312 2231 424 2315 pretio
453 2252 473 2293 a
494 2229 765 2307 vinditoribusn,
795 2233 1014 2294 revertantur
1045 2234 1080 2294 et
1110 2232 1304 2314 prenotati⁰

188 2320 224 2381 in
248 2319 422 2402 polipticis
446 2319 594 2402 publicis
625 2319 736 2400 adque
767 2320 957 2382 secundum
987 2340 1106 2383 eorum
1135 2319 1309 2402 peculium

187 2408 376 2471 iustissima
403 2408 602 2470 aderatione
627 2408 773 2470 censitil'
797 2408 930 2470 vitaml'
958 2409 995 2470 in
1018 2408 1164 2492 propriis
1188 2408 1310 2471 labori·

183 2495 248 2559 bus
277 2495 496 2577 ingenuitate
524 2496 717 2577 transigere
744 2495 895 2559 valeant.
943 2496 979 2559 Si
1010 2517 1079 2578 qua
1105 2517 1186 2560 vero
1216 2519 1309 2560 man·

184 2585 275 2667 cipia
309 2588 387 2666 post
421 2587 531 2647 metas
568 2585 713 2661 dierum,
749 2585 787 2646 in
817 2605 885 2666 qua
915 2586 1083 2648 autoritas
1113 2605 1193 2669 sepe
1224 2586 1310 2649 dicti

184 2672 349 2756 principis
372 2672 594 2756 promulgata
617 2676 678 2750 est,
704 2672 747 2736 ab
763 2672 833 2736 illis
851 2672 1032 2756 quolibetq
1051 2673 1178 2737 titulor
1198 2675 1310 2737 iustis-

185 2761 270 2824 sime
298 2761 493 2843 conquisita
523 2764 613 2835 sunt,
645 2765 707 2824 ant
728 2763 878 2825 rendere
908 2765 970 2824 aut
1000 2762 1173 2839 libertare,
1206 2765 1310 2846 prout

184 2849 404 2927 maluerint⁸,
440 2870 549 2932 usque
583 2851 628 2913 ad
658 2850 825 2914 kalendas
856 2850 966 2915 Iulias
1001 2851 1179 2914 licentiam
1213 2851 1305 2914 illis⁰

183 2938 379 3001 tribuimus.
426 2938 489 3001 Hii
511 2960 591 3002 vero
621 2938 809 3015 christiani,
842 2940 902 3020 qui
933 2939 976 3002 ab
1000 2938 1121 3003 Ebreis
1149 2959 1310 3022 quocum·

184 3047 251 3109 que
280 3029 435 3110 tempore
467 3028 658 3090 circumcisi
688 3029 770 3090 sunt
797 3026 853 3090 vel
883 3028 919 3089 in
947 3026 1037 3090 ritut
1067 3042 1186 3092 eornm
1216 3031 1309 3106 sunt,

184 3115 289 3199 legali
319 3116 537 3178 ordinatione
565 3115 769 3179 multentur.
815 3115 907 3178 Nam
934 3119 971 3180 et
999 3117 1129 3193 dehis,
1161 3118 1220 3198 qui
1248 3137 1311 3200 per

184 3203 298 3287 legem
322 3203 473 3267 absoluti
497 3224 569 3268 esse
595 3208 793 3281 cernuntur,
819 3205 878 3286 qui
902 3204 945 3268 ab
969 3206 1052 3288 ipsis
1076 3204 1196 3269 Ebreis
1220 3206 1311 3269 servi

185 3293 317 3355 addicti
340 3295 422 3355 sunt
444 3292 500 3356 vel
524 3295 701 3375 hucusque
724 3294 862 3370 retenti,
888 3294 978 3356 sicut
996 3294 1157 3377 ingenuis
1173 3293 1310 3376 legibus

185 3381 234 3445 eis
258 3381 457 3445 satisfacere
474 3403 544 3444 non
560 3384 748 3445 morentur.
787 3381 890 3445 Iudei
911 3383 1028 3465 igitur,
1054 3383 1113 3464 qui
1137 3383 1182 3446 ad
1205 3383 1310 3446 fidem

185 3472 342 3532 sanctam
365 3470 567 3552 confugium
590 3471 655 3533 visi
678 3473 759 3533 sunt
782 3471 914 3546 iecisse,
946 3471 1141 3553 portionem
1165 3471 1231 3534 sibi
1255 3471 1310 3534 de·

185 3558 296 3621 bitam
324 3578 366 3622 ex
393 3560 607 3622 successione
635 3561 818 3642 parentum
848 3559 885 3621 in
913 3559 1093 3644 mancipiis
1125 3560 1308 3643 accipiant.

292 3694 315 3741 b)
329 3694 406 3742 Tutigi
419 3694 440 3732 Β
450 3694 469 3734 2.
530 3698 551 3742 c)
565 3695 622 3732 dent
635 3695 682 3735 121.
743 3692 767 3742 d)
781 3695 866 3743 Epagri
880 3696 901 3733 B
910 3696 929 3737 2.
988 3698 1009 3742 a)
1024 3696 1128 3735 institute
1142 3695 1249 3735 instituta
1262 3696 1309 3737 121.

185 3742 204 3798 ι’)
217 3747 309 3786 iubente
324 3748 370 3788 Rl.
411 3750 434 3796 g)
448 3747 547 3794 capitula
561 3768 587 3774 —
603 3757 628 3785 eo
644 3748 728 3785 absum
742 3749 818 3786 desunt
832 3749 878 3789 ΕΙ.
926 3749 951 3796 b)
964 3750 997 3786 ita
1011 3749 1058 3789 El.
1068 3749 1093 3799 ῖς
1108 3749 1246 3788 obtinuimus
1260 3749 1310 3791 122.

185 3801 202 3848 i)
217 3811 229 3838 c
243 3810 287 3848 quo
301 3801 347 3840 ΕΙ.
402 3800 426 3847 k)
440 3800 549 3848 probatur
563 3800 609 3840 121.
664 3801 681 3848 Ι)
695 3800 782 3839 inlicita
796 3811 850 3840 ause
864 3802 910 3842 Rl.
966 3804 996 3849 m)
1014 3806 1097 3842 statum
1112 3803 1161 3844 32.
1215 3803 1239 3850 ιι)
1254 3812 1309 3840 ven·

185 3851 296 3891 ditor-ibus
310 3853 357 3894 ΕΙ.
430 3855 452 3900 ο)
466 3853 538 3891 notati
552 3854 598 3894 Β),
672 3855 696 3902 p)
710 3855 791 3893 censiti
806 3858 851 3893 tam
861 3866 906 3903 pro
920 3865 939 3897 c.
953 3867 974 3896 v.
988 3857 1035 3897 121.
1104 3858 1127 3903 q)
1141 3855 1309 3906 quelibet1215

186 3906 270 3944 colibet
283 3907 304 3944 B
313 3906 332 3946 2.
388 3907 407 3952 r)
422 3906 494 3945 titulis
508 3907 555 3948 121.
609 3908 628 3954 s)
642 3907 748 3946 maluerit
761 3908 810 3949 1³2,
864 3910 882 3955 t)
896 3909 964 3947 ritum
978 3909 1025 3950 121.

187 4013 213 4078 1)
230 4012 304 4062 Idem
321 4027 415 4063 nomen
433 4018 538 4063 mature
556 4014 587 4063 in
605 4015 777 4078 inscriptione
795 4014 822 4064 0.
841 4014 864 4067 I.
883 4014 916 4069 L.
934 4014 972 4080 II,
992 4032 1020 4069 n.
1033 4016 1116 4070 3406:
1136 4030 1180 4066 res
1197 4013 1309 4082 publica

186 4081 384 4151 Tuatuc[ensis]
404 4086 488 4150 (nunc
508 4084 545 4134 ‘ln
561 4083 672 4136 Galcra'
686 4099 773 4150 prope
792 4084 896 4149 ‘Baza',
911 4102 989 4151 prov.
1001 4085 1176 4151 ‘Grcncda'),
1196 4086 1310 4150 feliciter

185 4155 292 4206 coniecit
310 4156 384 4207 Aem.
403 4155 517 4207 Hdbncr
536 4155 553 4208 l.
572 4172 595 4210 c.
609 4172 639 4221 p.
658 4157 720 4208 461.
806 4155 835 4222 2)
854 4156 924 4207 Olim
942 4157 1081 4223 Ipadrum,
1099 4173 1170 4208 nunc
1189 4157 1308 4222 vetra,

181 4241 258 4291 prov.
279 4224 433 4288 ‘Gordova’;
460 4228 494 4289 cf.
516 4227 543 4279 0.
563 4226 587 4279 1.
606 4226 638 4279 L.
662 4226 702 4289 11,
725 4242 754 4290 p.
773 4228 835 4280 215.
938 4227 965 4294 3)
984 4229 1053 4280 Olim
1070 4228 1212 4295 Ipagrum,
1239 4244 1311 4279 nunc

187 4297 317 4362 ίΑριιὶἰαν
329 4298 360 4347 de
373 4297 401 4347 ln
413 4296 564 4361 sroncra’,
580 4312 657 4362 proc.
668 4295 822 4358 ‘Gordovass
839 4299 873 4360 cf.
888 4298 916 4352 0.
929 4298 952 4353 Ι.
966 4299 998 4353 L.
1013 4300 1052 4364 II,
1065 4316 1095 4365 p.
1109 4302 1171 4354 205.
1226 4300 1254 4366 4)
1267 4299 1309 4363 Cf.

185 4384 271 4434 cupra
289 4384 311 4422 c.
325 4370 367 4422 12.
