3000 4934
186 383 239 439 no
386 377 464 433 nux
481 376 598 436 v1s1c.
616 376 885 434 asconssvnvn.
921 375 977 447 ΠΙ,
996 381 1022 447 o,
1040 381 1065 434 2.
1084 382 1111 435 a

186 561 417 626 masculorum
447 561 650 626 concubitor
680 561 900 644 adprobatur,
937 562 998 622 aut
1032 561 1178 625 eandem
1211 580 1309 625 suam

185 670 336 726 uxorem,
362 670 402 714 ea
424 649 575 726 nolente,
601 649 830 713 adulteranda
853 649 1055 730 cuicumque
1075 649 1150 712 viro
1174 649 1309 713 dedisse

184 739 240 803 vel
263 739 478 822 permisisse¹
505 738 730 814 convincitur,
761 737 843 819 quia
868 736 940 801 tale
963 737 1062 800 nefas
1085 737 1161 800 fieri
1184 758 1309 820 nequa-

185 848 288 910 quam
317 827 409 891 inter
437 827 642 890 christianos
672 828 823 910 oportet,
853 824 1009 889 nubendi
1038 824 1178 889 mulieri
1207 826 1310 890 elteri

184 917 267 993 vire,
293 917 322 979 si
343 916 515 980 volumtas
539 915 612 978 eius
636 913 800 991 extiterit,
824 913 1025 977 nullatenus
1040 913 1215 978 inlicitum
1231 915 1307 978 erit.

185 1003 275 1067 Nam
299 1004 328 1067 si
350 1004 387 1065 in
411 1003 571 1086 coniugio
599 1003 729 1087 positis,
760 1021 902 1067 uxorem
925 1002 1088 1066 videlicet
1111 1001 1148 1066 et
1171 1003 1307 1080 marito,

185 1092 349 1154 maritum
360 1092 451 1155 forte
469 1092 664 1156 constiterit
679 1092 769 1155 iuste
785 1090 930 1155 cuilibet
941 1110 1077 1154 servum
1088 1091 1308 1167 addictuml,

185 1180 215 1243 si
243 1180 395 1243 noluerit
424 1178 548 1243 mulier
577 1199 715 1244 manere
747 1179 848 1242 illum
877 1179 933 1242 inz
962 1178 1137 1262 coniugali
1166 1183 1305 1244 secuma

186 1268 366 1346 consortio,
390 1269 526 1332 tamdiu
549 1288 585 1332 se
607 1268 743 1332 noverit
760 1269 853 1332 caste
868 1267 939 1331 vite
954 1267 1055 1332 freno
1071 1287 1209 1332 manere
1233 1288 1310 1331 con·

186 1349 327 1420 strictab
358 1377 421 1421 neo
449 1357 605 1421 nubendi
633 1356 735 1420 alteri
761 1357 834 1420 viro
862 1356 1004 1419 concedi
1033 1355 1100 1419 sibi
1129 1349 1307 1432 licential,

186 1445 294 1509 donec
311 1445 384 1509 eius
400 1445 554 1521 maritus,
580 1446 622 1508 de
642 1464 710 1526 quo
726 1445 859 1509 dictum
875 1447 937 1522 est,
962 1443 1135 1508 debitam⁰
1156 1446 1310 1509 extreme

185 1533 257 1596 vite
281 1528 429 1597 sortemd
457 1533 603 1597 exolvat.

283 1701 339 1759 ΠΙ.
369 1700 538 1758 FLAVIUS
557 1701 772 1758 GLORIOSUS
789 1701 1099 1758 Rnccsssvmnus
1117 1701 1207 1759 REX.

314 1813 375 1878 Ne
405 1815 524 1879 inter
552 1815 780 1899 isponsosl
807 1815 1044 1879 discidium
1073 1814 1170 1878 fiat.

292 1920 440 2003 Equali1
471 1921 587 2004 placet
619 1923 872 2005 transgressum
903 1920 1125 1985 damnatione
1154 1919 1309 1998 multari,

185 2010 278 2092 quod
300 2009 448 2074 inlesum
474 2009 589 2092 equali
611 2010 793 2074 constabat
813 2009 984 2093 dignitate
1004 2029 1153 2073 manere.
1192 2009 1312 2092 Igitur

185 2098 283 2161 iuxta
317 2102 510 2182 presentem
545 2092 776 2183 superioremb
810 2098 923 2182 legem
957 2099 1020 2162 dee
1051 2097 1134 2161 viris
1169 2099 1205 2162 et
1241 2091 1306 2161 de(¹

186 2186 388 2250 mulieribus
417 2187 622 2270 isponsatis⁸
654 2190 727 2250 tam
755 2188 793 2250 in
819 2186 973 2270 personis
1003 2207 1106 2269 quam
1138 2186 1175 2249 in
1203 2185 1310 2250 rebus

185 2275 298 2337 forma
327 2277 494 2338 servanda
522 2278 583 2352 est,
615 2276 674 2357 qui
701 2278 780 2360 post
803 2296 959 2338 arrarum
981 2274 1214 2352 traditionem,
1247 2277 1310 2338 aut

185 2363 281 2426 facta
319 2364 507 2427 secundum
542 2363 636 2447 leges
671 2364 900 2428 definitionis⁰
939 2356 1155 2448 sponsionef,
1193 2362 1310 2426 coniu-

186 2450 264 2534 gale
286 2450 388 2514 fedus
415 2453 674 2515 contemnentes
702 2452 779 2516 aliis
803 2473 838 2517 se
861 2453 1015 2537 personis
1044 2451 1081 2514 in
1108 2449 1310 2534 coniugium

186 2537 438 2622 copulaverint,
479 2557 540 2603 seu
579 2540 652 2604 sine
691 2541 767 2624 pari
803 2560 971 2605 consensu
1005 2542 1067 2603 aut
1101 2538 1310 2622 egritudinis

185 2627 333 2690 fortasse
357 2627 541 2691 manifesto
557 2628 712 2712 periculo
731 2630 776 2693 ad
791 2629 968 2713 religionis
984 2628 1199 2712 propositum
1214 2626 1310 2691 calli·

186 2715 297 2779 ditate
332 2715 454 2798 magis,
491 2736 594 2798 quam
629 2717 811 2782 devotione
842 2717 1072 2782 conversionis
1102 2714 1308 2800 adspiraress

186 2804 442 2886 presumserint.
1213 2830 1216 2836 ·
1336 2832 1365 2872 a.

292 2975 530 3027 xlpsrmesiss01213
552 2977 693 3026 permississe
706 2977 754 3020 Μ.
834 2978 858 3027 y)
875 2975 1005 3018 addicetum
1022 2977 1070 3019 ΕΙ.
1150 2976 1172 3024 s)
1188 2974 1247 3014 dces!
1260 2975 1310 3021 Bt.

185 3029 208 3077 a)
221 3038 272 3068 cum
287 3029 344 3067 deest
357 3029 404 3072 ΕΙ.
457 3028 480 3077 b)
494 3030 638 3070 constrictam
652 3053 678 3060 -
692 3030 807 3071 licentiam
820 3031 841 3070 R
850 3031 870 3074 2.
923 3032 944 3079 c)
958 3029 1036 3071 debite
1049 3030 1096 3074 Rl.
1150 3026 1173 3077 d)
1187 3028 1245 3068 deest
1258 3028 1279 3069 B
1288 3028 1308 3073 1.

292 3082 335 3125 III.
374 3083 396 3131 s)
410 3091 485 3132 spons.
499 3082 545 3126 122.
590 3083 613 3135 b)
627 3085 683 3123 deest
697 3085 744 3126 122.
784 3085 804 3133 c)
819 3082 885 3124 etde
899 3083 947 3127 Bi.
987 3080 1173 3133 d)isa122.m;
1188 3080 1247 3120 deest
1260 3081 1309 3125 31.

185 3136 207 3182 e)
221 3132 354 3175 difinitionis
364 3135 411 3178 Rs.
450 3135 623 3186 Osponsionsm
633 3138 680 3181 Rs.
720 3140 742 3186 g)
756 3135 946 3190 adspirasseB13
960 3133 1310 3187 presumserintsdsplnrcsa

186 3275 212 3343 1)
230 3277 273 3342 cf.
291 3277 324 3332 a.
343 3277 433 3344 sam,
455 3277 696 3344 ‘nasamonas’
711 3296 741 3347 p.
754 3281 797 3345 vv,
816 3296 843 3331 n.
862 3281 887 3334 3.
