3000 4934
338 377 416 433 LEX
436 377 550 435 VISIG.
569 377 837 436 RECOESSVIND.
875 378 926 448 VI,
947 383 971 448 1,
989 383 1015 436 2.
1034 384 1060 436 3.
1214 384 1265 437 177

143 563 226 625 dum
249 562 343 645 leges
372 562 457 626 alias
486 580 679 645 conponere
703 560 937 643 conpellatur;
970 564 1032 625 aut
1055 562 1084 626 si
1108 563 1266 626 convinci

142 672 211 714 non
235 651 397 734 potuerit,
430 642 663 714 sacrament0¹
694 669 729 714 se
754 649 894 732 expians
919 650 1190 734 conpositionem
1214 671 1266 715 ac·

142 741 258 823 cipiat,
287 760 354 822 que
383 740 425 803 de
453 738 546 802 mala
573 738 741 822 petitione
769 737 905 820 legibus
929 739 1138 803 continetur.
1186 740 1265 824 Spe·

142 828 223 892 ciali
252 832 370 892 tamen
400 827 648 891 constitutione
679 827 908 904 decernimus,
940 831 981 890 ut
1010 833 1186 912 personam
1217 829 1265 892 in·

141 916 247 981 ferior
274 917 479 981 nobiliorem
508 936 528 978 a
555 935 590 979 se
613 915 669 979 vel
696 916 928 999 potentiorem
956 915 1142 981 inscribere
1151 923 1167 952 ¹¹
1195 938 1265 980 non

141 1009 327 1088 presumat.
374 1005 442 1070 Sed
466 1005 495 1068 si
518 1005 707 1088 petendum
726 1003 764 1066 in
780 1023 883 1091 causa
898 1005 1107 1087 putaverit⁰,
1132 1009 1168 1069 et
1191 1027 1264 1089 pro-

142 1092 237 1157 batio
260 1094 407 1158 fortasse
432 1093 666 1157 convincende
688 1093 740 1156 rei
763 1093 924 1169 defuerit,
953 1093 1103 1157 nobilior
1125 1093 1186 1159 ille
1209 1094 1265 1158 vel

141 1182 316 1265 potentior
347 1182 593 1245 conscientiam
627 1200 726 1244 suam
759 1183 982 1245 sacramentis
1016 1202 1164 1265 purgare
1195 1204 1265 1246 non

142 1270 295 1347 differat,
325 1271 418 1352 quod
445 1289 510 1334 nec
538 1269 741 1333 admiseritl'
768 1288 832 1333 nec
861 1269 989 1334 habeat
1016 1290 1121 1353 penes
1150 1291 1186 1336 se
1208 1271 1265 1336 vel

141 1359 291 1423 retineat
320 1378 406 1433 rem,
438 1379 500 1441 pro
531 1362 600 1440 qua
629 1357 736 1422 fuerit
766 1359 913 1440 petitus;
945 1361 980 1421 et
1010 1359 1147 1423 reddito
1177 1361 1264 1424 iura-

141 1450 268 1523 mento,
297 1446 367 1522 ille,
397 1447 456 1529 qui
484 1446 574 1510 male
600 1446 697 1529 petit,
728 1445 819 1510 sicut
843 1446 912 1510 alia
935 1447 991 1511 lex
1015 1448 1171 1513 continet
1182 1448 1202 1525 1,
1233 1450 1264 1513 ei

142 1555 334 1618 conponere
365 1556 435 1599 non
465 1538 628 1600 moretur.
675 1535 922 1599 Verumtamen
951 1556 1012 1600 seu
1039 1536 1165 1601 nobilis
1193 1538 1264 1602 sive

141 1624 283 1688 inferior
306 1644 367 1688 seu
390 1624 543 1707 ingenua
565 1644 721 1707 persona,
745 1624 775 1688 si
797 1625 970 1706 questioni
991 1624 1131 1689 subdita
1145 1625 1262 1702 fuerit,

141 1713 192 1776 ita
222 1733 336 1776 coram
366 1713 480 1777 iudice
508 1713 564 1778 vel
592 1713 669 1777 aliis
699 1713 854 1778 honestis
881 1713 964 1777 viris
995 1735 1016 1777 a
1042 1714 1156 1779 iudice
1188 1736 1263 1779 con·

107 1856 112 1868 .
140 1802 269 1865 vocatis
301 1805 479 1866 accusator
509 1822 614 1885 penas
649 1801 792 1877 inferat,
828 1822 873 1866 ne
902 1803 1011 1866 vitam
1042 1804 1262 1886 extinguat‘l.

141 1889 185 1952 Et
209 1891 290 1972 quia
313 1911 374 1974 per
396 1892 551 1955 triduum
575 1891 709 1974 questio
734 1891 860 1973 agitari
884 1891 997 1968 debet,
1026 1892 1055 1955 si
1079 1893 1263 1956 inminenti

140 1998 221 2042 casu
245 1980 304 2061 qui
327 1980 510 2044 tormentis
534 1979 695 2044 subditur
718 1981 875 2042 mortuus
898 1979 1015 2056 fuerit,
1041 1985 1102 2042 errr
1128 1979 1263 2044 malitia

139 2068 263 2131 iudicis
293 2068 349 2132 vel
384 2068 472 2132 alico
508 2068 588 2132 dolo
619 2087 679 2132 seu
709 2067 753 2131 ab
784 2068 979 2131 adversario
1010 2069 1163 2131 accusati
1194 2088 1262 2131 cor-

139 2159 261 2238 ruptus
286 2155 453 2220 beneficio
476 2155 564 2219 talia
587 2159 763 2219 tormenta
785 2155 860 2219 fieri
882 2174 953 2218 non
976 2156 1139 2240 proibuit,
1168 2159 1261 2222 unde

140 2264 230 2307 mors
254 2247 459 2320 occurreret,
488 2245 560 2327 ipse
584 2244 688 2309 iudex
711 2243 905 2327 iniquitatis
929 2244 1091 2329 proximis
1114 2247 1261 2330 parenti-

140 2331 204 2396 bus
228 2331 333 2395 simili
347 2333 503 2396 vindicta
526 2333 722 2417 puniendus
745 2334 914 2397 tradatur.
962 2332 999 2397 si
1015 2337 1107 2398 certe
1123 2355 1184 2399 suo
1200 2340 1255 2399 se⁸

139 2423 355 2485 sacramento
375 2417 613 2486 innocentemt
627 2421 827 2499 reddiderit,
853 2425 888 2486 ct
911 2425 1027 2498 testes,
1053 2424 1112 2506 qui
1127 2422 1261 2488 fuerint

138 2512 323 2592 presentes,
357 2510 556 2588 iuraverint,
588 2511 680 2593 quod
709 2509 809 2575 nulla
838 2531 901 2575 sua
930 2511 1066 2576 malitia
1095 2511 1150 2577 vel
1181 2513 1260 2577 dolo

138 2601 200 2662 a'ut
223 2598 442 2681 corruptione
467 2599 625 2664 beneficii
648 2620 739 2664 mors
762 2600 838 2684 ipsa
860 2600 1065 2684 provenerit,
1096 2602 1164 2665 nisi
1188 2602 1260 2666 solo

137 2689 389 2751 tormentorum
423 2691 565 2752 eventu:
602 2709 663 2772 pro
699 2708 752 2766 eo,
789 2689 881 2774 quod
916 2689 1123 2754 indiscretus
1157 2691 1261 2755 iudex

103 2829 109 2841 .
138 2775 312 2859 superflua
326 2797 397 2840 non
412 2776 574 2860 proibuit,
599 2788 667 2843 000
682 2777 813 2842 solidus
837 2778 1021 2843 heredibus
1040 2780 1168 2843 mortui
1184 2799 1259 2843 con-

38 2904 41 2909 ·
103 2922 109 2934 .
137 2863 289 2947 pellatur
313 2865 478 2930 exolvere.
519 2867 710 2930 Accusator
737 2870 856 2931 autem
884 2867 921 2930 in
951 2868 1123 2951 potestate
1151 2869 1259 2950 proxi-

137 2974 271 3016 morum
302 2957 486 3036 parentum
516 2955 644 3017 mortui
673 2955 838 3032 traditus,
870 2956 991 3020 eadem
1020 2957 1140 3020 mortis
1170 2976 1261 3039 pena

137 3040 316 3117 multetur,
345 3061 415 3123 qua
441 3041 501 3106 ille
524 3041 695 3106 multatus
719 3046 781 3119 est,
810 3044 870 3124 qui
894 3063 954 3126 per
977 3045 1050 3108 eius
1074 3044 1259 3109 accusatio·

137 3149 216 3193 nem
240 3132 350 3192 morte
374 3130 559 3193 damnatus
581 3131 725 3195 interiit.

546 3263 600 3321 111.
631 3263 844 3334 ANTIQUna.

137 3359 216 3421 Pro
252 3358 409 3440 quibus
443 3360 573 3424 rebus
607 3365 650 3425 et
685 3360 880 3444 qualiter
915 3364 1030 3427 servi
1063 3357 1157 3428 velb
1192 3385 1258 3428 an·

182 3446 287 3512 cille
310 3448 548 3531 torquendi
572 3453 674 3514 sunt
697 3451 742 3513 in
765 3450 912 3534 capite
936 3452 1213 3517 dominorum.

244 3552 391 3619 Servus²
420 3574 481 3620 scu
512 3555 640 3620 ancilla
669 3557 706 3620 in
737 3558 850 3642 capite
878 3558 1009 3622 domini
1035 3559 1092 3624 vel
1120 3559 1258 3626 domine

135 3664 205 3706 non
233 3648 374 3728 propter
397 3644 486 3709 aliut
514 3649 752 3729 torqueantur,
783 3646 851 3711 nisi
879 3650 1019 3712 tantum
1048 3648 1086 3712 in
1116 3649 1258 3715 crimine

242 3799 437 3846 lustramentum
451 3800 498 3843 121.
579 3801 713 3850 mlpcrsola
727 3801 774 3845 121.
849 3803 1048 3850 nutritorem.
1122 3808 1144 3853 ο)
1158 3806 1190 3843 ita
1204 3805 1256 3853 n13

135 3852 301 3903 patueritR13
323 3853 423 3902 potuerit
437 3854 486 3896 122.
561 3857 584 3905 p)
598 3854 699 3895 tmlscrlt
714 3855 760 3898 ΕΙ.
833 3858 856 3904 q)
872 3856 1052 3906 extlnquatRl.
1120 3860 1139 3905 r)
1153 3869 1195 3897 nec
1210 3859 1257 3901 122.

134 3905 285 3952 odaeum.
341 3906 358 3957 t)
372 3907 489 3949 omem.

243 3959 283 4000 111.
325 3962 347 4006 a)
360 3959 417 3998 amr
431 3960 480 4002 122,
535 3960 558 4008 b)
572 3961 609 4000 vcl
624 3961 656 3999 bis
669 3963 771 4005 ccam.

136 4065 162 4129 1)
178 4066 207 4119 V.
227 4081 312 4132 supra
330 4065 369 4131 11,
389 4067 415 4130 2,
434 4066 459 4131 9,
477 4083 506 4133 p.
521 4067 569 4129 75,·
587 4073 611 4118 et
629 4067 708 4131 infra
726 4066 788 4133 VII,
810 4070 834 4134 1,
855 4071 880 4125 5.
953 4071 981 4137 2)
999 4071 1041 4135 Of.
1059 4071 1092 4126 L.
1112 4071 1186 4125 Rom.
1202 4072 1257 4126 Via

136 4137 212 4190 Paul.
238 4136 262 4202 I,
283 4138 326 4201 12,
346 4139 375 4190 3:
408 4133 443 4188 In
469 4139 552 4204 caput
577 4135 681 4190 domini
703 4138 846 4206 patronive
870 4156 921 4194 nec
944 4155 1037 4194 servus
1064 4158 1116 4196 nec
1143 4141 1256 4194 libertus

134 4206 297 4276 interrogari
316 4208 414 4274 potest.
451 4208 636 4275 Eccipiumur
653 4215 741 4261 auum
759 4211 825 4263 aliis
844 4211 907 4263 locis
923 4213 1014 4264 cadom
1031 4229 1065 4265 cer
1079 4220 1167 4281 porte,
1190 4230 1257 4280 quac

135 4278 178 4329 bic
190 4281 369 4346 crcrpr'untur,
383 4281 517 4330 crimina:
529 4279 667 4346 adulterii,
682 4281 767 4333 mcccc
779 4283 935 4348 maiestatis,
949 4284 1037 4348 falsae
1048 4291 1182 4348 monuwa·
1202 4285 1218 4337 l.
1232 4288 1256 4339 1.

135 4350 197 4402 (flod.
210 4350 262 4415 IX,
275 4352 326 4411 41,·
346 4351 363 4404 l.
376 4353 419 4406 53.
435 4350 498 4416 Diq.
511 4351 542 4416 V,
554 4353 577 4406 1.
604 4352 645 4416 Cf.
656 4352 888 4419 Wocscracblcbcn,
904 4354 944 4407 Dc
957 4356 1107 4419 Quaesitor.
1117 4374 1146 4424 p.
1156 4358 1191 4411 86
1200 4372 1254 4422 sqq.

216 4456 259 4498 ΜΛ.
270 4456 340 4506 vulg.
354 4462 401 4499 ant.
1008 4464 1042 4517 12
