3000 4934
239 356 295 410 ‘tto
413 352 911 410 Lsst1e.nnse·1³.ssmn.
947 353 1031 421 vm,
1048 359 1188 419 &1314

241 541 322 604 dum
340 536 383 601 dc
398 529 584 601 ‹lamnuml
602 536 755 620 expellit.
779 540 928 609 evertat;
953 537 1014 600 sed
1036 537 1082 600 ad
1099 539 1242 601 domum
1265 561 1374 606 suam

239 628 437 693 inclusorus
464 625 616 689 adducat
638 629 674 688 et
697 624 855 688 dominot
884 624 1097 688 caballorum
1119 627 1176 690 rel
1198 649 1374 711 pecorum

239 718 348 782 faciat
378 715 569 781 certiorem.
601 717 642 775 ut
671 713 888 796 presentibus
918 713 972 776 his
1002 719 1065 776 aut
1090 715 1214 779 ricinis
1244 737 1371 783 eorum

240 806 413 870 damnum.
438 803 530 885 quod
546 801 693 864 inlatum
709 801 827 865 fuerit.
851 797 1066 866 estimeturl.
1089 807 1126 867 et
1140 804 1186 867 ad
1201 826 1371 890 campum

239 899 385 977 utreque
415 894 530 975 partes
560 889 780 954 conveniant.
813 892 873 953 et⁰
906 894 1089 973 postquam
1118 892 1285 957 damnum
1318 897 1371 959 in·

240 983 424 1067 spexerint.
456 999 534 1063 pars
564 979 677 1101 campi
705 978 760 1041 vel
791 978 889 1042 vinee
919 979 990 1041 sire
1021 980 1113 1062 prati
1142 985 1206 1043 aut
1232 986 1368 1049 messis.

239 1091 306 1154 que
336 1071 494 1135 detracta
522 1068 639 1131 fuerat
666 1118 673 1140 ‚
705 1070 938 1142 mensuretur;
969 1072 1033 1131 etss
1059 1069 1168 1133 donec
1197 1067 1364 1136 fructos¹¹

240 1158 459 1241 colligantur.
487 1158 699 1239 expectetur,
727 1158 769 1216 ut
795 1149 951 1217 tentumi
982 1155 1025 1220 de
1052 1157 1190 1240 inpasto
1217 1158 1296 1223 loeo
1321 1163 1366 1227 ei.

240 1248 296 1312 cui
319 1248 482 1311 damnum
506 1244 675 1317 intulerit,
698 1243 794 1306 iacta
816 1237 960 1326 ispatii¹
978 1241 1231 1327 exequutione*
1248 1251 1367 1313 trada-

238 1341 307 1413 tur,
336 1340 373 1401 ct
402 1333 619 1420 presentibus
647 1332 797 1396 testibus
819 1332 921 1396 etde
945 1352 986 1395 eo
1015 1332 1102 1407 loco,
1132 1336 1193 1416 qui
1223 1357 1367 1402 eversus

240 1429 305 1502 est,
338 1429 374 1490 et
404 1425 446 1489 de
476 1444 527 1496 eo,
557 1421 617 1504 qui
647 1424 726 1485 estss
756 1414 917 1503 intiger¹,
947 1415 1107 1485 fructos*¹
1138 1423 1363 1506 colligantur.

239 1517 280 1577 ut
302 1513 469 1596 quidquid
493 1510 606 1575 minus
634 1509 669 1571 in
698 1509 752 1572 bis
779 1508 874 1584 locis,
905 1529 972 1591 que
995 1531 1016 1573 a
1039 1512 1220 1593 pecoribus
1243 1533 1366 1578 eversa

239 1602 380 1673 tuerint,
411 1599 615 1685 repperitur,
644 1597 713 1674 ille,
739 1598 837 1661 cuius
860 1617 984 1680 pecora
1006 1599 1148 1675 fuerint,
1171 1601 1364 1668 reformare

239 1694 393 1772 cogatur.
439 1689 569 1754 Pecoru
583 1707 674 1762 vero,
698 1689 879 1769 postquam
902 1686 1055 1770 ipsorum
1069 1687 1224 1751 locorum
1247 1693 1365 1773 spatia

239 1779 521 1853 mensuraverint,
546 1775 637 1841 sicut
657 1778 710 1839 est
731 1775 768 1837 in
784 1774 919 1858 legibus
935 1775 1164 1838 constitutum
1174 1777 1195 1854 ¹,
1219 1779 1363 1845 domino

238 1867 480 1932 reformentur,
526 1865 625 1929 Etsi
648 1883 781 1947 pecora,
813 1863 895 1926 dum
923 1884 985 1947 per
1007 1865 1187 1928 iracundia
1209 1867 1364 1933 inmode

237 1956 381 2020 rationis
416 1955 572 2039 expellit,
609 1953 785 2026 everterit,
824 1952 963 2016 domino
998 1973 1160 2036 pecorum
1194 1955 1362 2020 damnum

238 2045 425 2129 simplamm
448 2041 690 2108 tantummodo
705 2040 942 2105 satisfactione
957 2042 1122 2105 restituat
1144 2046 1180 2107 et
1202 2044 1269 2108 sibi
1292 2066 1363 2128 que

238 2133 437 2199 debilitabit
460 2137 522 2197 aut
544 2130 673 2197 occidit
694 2132 854 2213 usurpet;
886 2130 935 2193 sic
957 2132 1085 2207 temen,
1116 2135 1246 2214 utque
1269 2153 1363 2216 ever·

237 2222 322 2287 terit
352 2226 432 2286 ante
463 2222 645 2306 persolvat.
693 2217 793 2297 Quod
823 2219 852 2281 si
882 2238 1007 2302 pecora
1035 2239 1096 2303 per
1126 2241 1256 2297 casum,
1287 2242 1361 2286 non

239 2310 342 2394 culpa
369 2310 573 2394 expellentis
601 2307 828 2374 debilitentur
857 2310 919 2370 aut
946 2311 1089 2390 pereant
1112 2312 1173 2371 aut
1196 2310 1232 2372 in
1255 2311 1362 2375 sudes

238 2399 368 2463 sivein
392 2399 498 2483 palos,
525 2400 606 2462 dum
631 2395 862 2480 expelluntur,
887 2397 1083 2472 inciderint,
1108 2398 1272 2461 damnum
1295 2400 1362 2463 sol·

238 2490 340 2550 vatur
375 2507 416 2551 ex
451 2487 577 2563 medio,
616 2491 657 2550 ut
695 2505 761 2568 que
800 2485 1034 2568 superioribus
1074 2485 1208 2569 legibus
1245 2492 1358 2551 sunt¹¹

238 2578 394 2639 statute⁰
423 2579 657 2660 permaneant.

624 2745 723 2803 xlm,
753 2743 966 2815 Axuenna.

238 2857 281 2923 Si
317 2858 648 2943 expellentibus
684 2860 733 2924 de
767 2850 1017 2922 fructibusb
1054 2878 1212 2984 pecora
1246 2860 1361 2942 quis-

238 2952 384 3031 quam⁰
418 2949 617 3013 excutiat
650 2948 718 3013 vel
754 2947 803 3010 de
838 2946 1044 3010 clausura
1102 2947 1249 3011 furto⁰
1283 2952 1362 3011 eut

600 3035 819 3102 violentia
845 3035 991 3099 tollat.

345 3144 404 3208 Sil
426 3145 502 3228 quis
526 3143 713 3229 expellenti
740 3144 782 3209 de
805 3143 979 3208 fructibus
1008 3163 1133 3227 pecora
1160 3144 1359 3223 excusserit,

237 3232 265 3296 si
289 3232 466 3298 honestior
489 3237 541 3298 est
564 3234 655 3298 torte
679 3253 834 3317 persona,
866 3233 925 3297 det
949 3233 1079 3297 solidus
1101 3246 1130 3301 V
1153 3237 1189 3298 et
1212 3233 1361 3318 duplum

237 3321 415 3400 damnum,
447 3323 539 3405 quod
568 3322 677 3387 fuerit
707 3323 919 3398 estimatum,
950 3322 1107 3386 exolvere
1137 3326 1296 3407 rogatum
1330 3325 1361 3387 si

238 3413 331 3476 certe
366 3411 559 3476 humilioris
594 3410 662 3476 loci
696 3430 841 3495 persona
874 3411 982 3475 tuerit
1014 3415 1050 3476 et
1081 3433 1151 3475 non
1185 3412 1357 3490 hebuerit,

236 3499 328 3564 unde
353 3503 534 3584 conponat,
565 3511 589 3565 L
612 3499 751 3584 flagella
774 3499 939 3584 suscipiat
962 3503 997 3564 et
1021 3500 1167 3585 duplum
1194 3501 1359 3564 damnum

236 3587 380 3654 reddere
411 3589 638 3672 conpellatur.
690 3586 727 3651 Si
755 3608 836 3653 vero
867 3608 983 3654 servus
1012 3589 1078 3653 hoc
1108 3589 1244 3666 fecerit,
1276 3593 1358 3654 ante

236 3675 385 3742 iudicem
410 3688 431 3742 c
454 3677 566 3741 hictos
594 3676 810 3760 flagellorum
840 3677 1019 3762 suscipiat,
1049 3681 1085 3742 et
1115 3677 1253 3743 domino
1284 3678 1359 3742 eius

344 3883 367 3935 b)
386 3881 468 3924 domne
482 3885 530 3926 132.
612 3886 632 3932 c)
651 3881 765 3924 dominum
779 3885 828 3929 122.
909 3884 933 3934 d)
951 3886 1150 3929 centimetrum.
1232 3889 1252 3935 e)
1271 3890 1297 3925 ut
1311 3887 1359 3929 ΕΙ.

237 3936 355 3985 {liliorlnt
369 3938 415 3980 131.
456 3937 602 3987 mdmtltt.
643 3937 667 3986 h)
681 3938 767 3978 fruetus
782 3939 831 3982 ΒΞ.
872 3939 888 3987 l)
903 3937 1042 3980 tantumdem
1048 3938 1214 3988 praedoni.
1255 3939 1358 3988 klspatli

238 3990 402 4031 sstlrnrtlonsrn
417 3990 466 4034 Rs.
518 3991 534 4036 l)
548 3992 580 4030 tta
594 3991 669 4035 m.
717 4002 737 4031 m
761 3991 841 4042 slmpls
855 3992 903 4035 ΒΞ.
951 3994 1044 4040 melem
1058 3994 1105 4036 121.
1152 3996 1173 4042 o)
1188 3993 1293 4033 institut·
1307 3993 1358 4036 RQ,

343 4044 418 4088 xlm.
451 4044 606 4093 sldcwtltll.
647 4046 670 4093 b)
684 4045 735 4095 fruc
744 4046 785 4086 bus
800 4046 848 4088 132.
890 4047 910 4095 c)
925 4047 1121 4095 quicumqueltl.
1163 4045 1186 4095 d)
1200 4047 1290 4086 clusura
1304 4046 1357 4097 1213

237 4095 335 4137 crunam
350 4098 370 4137 Β
379 4099 397 4141 2.
453 4100 473 4146 s)
488 4098 571 4138 turtum
588 4099 608 4138 Β
617 4099 636 4142 2.

238 4258 263 4325 1)
288 4258 315 4313 V.
334 4274 420 4327 supra
437 4275 458 4315 c.
473 4261 514 4315 11.
533 4265 557 4312 et
575 4260 653 4324 infra
672 4275 692 4314 c.
706 4261 749 4315 15.
839 4258 867 4327 2)
885 4259 951 4312 Cum
969 4259 1019 4312 tac
1038 4260 1091 4325 lece
1109 4267 1133 4312 ct
1150 4260 1264 4326 duobus,
1290 4275 1360 4326 quoe

235 4335 390 4396 requenter,
404 4331 438 4395 cf.
452 4330 483 4385 L.
498 4331 555 4383 Sal.
569 4334 601 4394 9,·
619 4330 652 4386 L.
665 4331 752 4397 Bury.
765 4332 903 4398 23,1-3;
922 4331 973 4385 Ed.
987 4330 1065 4384 Roth.
1079 4333 1147 4394 346,⁸
1166 4332 1295 4384 Brunner
1307 4331 1326 4386 l.
1336 4347 1359 4385 c.
