3000 4934
380 347 458 400 LEX
476 347 591 403 VISIG.
612 348 880 407 Rnooussvnrn.
916 350 968 420 XI,
987 356 1013 418 3,
1032 355 1111 408 2-4.
1255 356 1309 412 295

187 530 328 607 habent,
359 529 477 594 nullus
507 531 548 594 de
577 530 715 594 sedibus
743 531 869 594 nostris
893 551 950 595 eos
974 534 1092 597 audire
1116 539 1305 618 presumat;

188 619 530 744 nisibtantunrmodo
565 620 635 682 suis
670 619 804 702 legibus
838 620 1025 683 audiantur
1060 627 1145 706 aput
1179 624 1306 688 telona-

186 728 254 770 rios
308 728 385 771 suos
411 755 417 768 .

608 824 663 881 nr.
693 824 880 894 Annona,

210 938 252 999 Si
287 938 608 1002 transmarinus
648 939 904 1019 negotiator
939 943 1285 1004 mercennarium

277 1027 350 1089 dea
378 1026 488 1089 loeis
519 1027 684 1089 nostris
715 1046 856 1090 seeum
886 1024 1217 1093 transtuleritb.

293 1132 420 1194 Nullus
448 1133 698 1195 transmarinus
728 1134 925 1214 negotiator
953 1135 995 1198 de
1019 1135 1158 1198 sedibus
1182 1138 1308 1200 nostris

188 1222 459 1284 mercennarium
476 1221 604 1283 audeat
627 1221 663 1282 in
679 1220 763 1284 loeis
783 1222 853 1285 suis
868 1222 1067 1286 transferre.
1104 1223 1170 1301 Qui
1189 1229 1309 1288 eontra

187 1310 251 1371 hoo
282 1309 398 1372 venire
428 1309 640 1384 temtaverit,
677 1308 807 1371 inferat
841 1311 922 1373 fisco
958 1314 1076 1374 nostro
1110 1314 1184 1375 auri
1220 1312 1309 1376 libra

187 1418 291 1460 unam
316 1401 351 1460 et
375 1401 531 1480 preterea
554 1408 575 1461 Ο
597 1397 738 1480 flagella
761 1399 935 1482 suscipiat.

602 1568 674 1623 nn.
705 1567 890 1638 surinus.

221 1680 262 1744 Si
290 1681 613 1745 transmarinus
644 1682 900 1764 negotiator
928 1684 1275 1746 mercennarium

176 1781 178 1786 ’
424 1791 499 1854 pro
530 1771 775 1834 conmeroio
806 1772 1066 1855 susceperit.

293 1877 329 1939 Si
358 1877 433 1960 quis
461 1877 712 1940 transmarinus
740 1878 937 1960 negotiator
964 1879 1238 1942 mercennarium
1266 1879 1309 1941 de

186 1966 324 2028 sedibus
348 1965 473 2029 nostris
497 1986 558 2049 pro
574 1966 789 2047 vegetand0³
810 1966 1002 2029 eonmeroio
1026 1967 1223 2048 susceperit,
1249 1967 1309 2029 det

186 2075 247 2136 pro
284 2054 449 2117 beneficio
484 2054 557 2116 eius
594 2053 722 2116 solidus
756 2056 826 2116 tres
863 2073 924 2136 per
955 2074 1083 2115 annum
1114 2075 1237 2130 unum,
1274 2058 1310 2117 et

186 2142 438 2204 nihilhominus
469 2141 602 2224 inpleto
633 2140 762 2224 placito
794 2160 930 2204 servum
959 2142 1097 2204 domino
1121 2142 1309 2205 reformare

188 2234 341 2312 cogatur.

294 2404 317 2451 b)
333 2403 461 2443 tellonartos
476 2404 525 2446 132.

188 2510 219 2548 Η
247 2458 335 2549 ΗἑίΙΙῙ.
383 2461 405 2505 a)
423 2469 464 2506 pro
479 2458 602 2497 conmertto
616 2457 742 2506 susceperit
755 2469 800 2506 pro
819 2456 847 2497 de
866 2479 892 2487 -
910 2458 1052 2498 transtulerit
1070 2458 1117 2501 132.
1195 2458 1218 2506 b)
1236 2462 1309 2498 trans-

197 2521 269 2548 uern
335 2542 340 2551 .

294 2565 347 2606 1111.
388 2566 410 2610 a)
424 2561 545 2612 vegetandi
560 2564 707 2604 eonmertium
723 2565 769 2606 121.

187 2706 212 2771 l)
231 2706 272 2769 Cf.
292 2706 384 2771 Daha,
406 2706 529 2772 ‘Koaiqe'
547 2707 587 2757 VI
592 2706 610 2772 ²,
636 2725 664 2774 p.
683 2708 736 2762 283
749 2723 786 2773 sq.
806 2713 830 2757 et
848 2708 877 2756 ia
897 2707 939 2761 (Ζ.
958 2707 979 2770 s.
998 2706 1208 2758 Hamlelereoht’
1226 2707 1306 2772 XVI,

182 2795 210 2843 p.
224 2780 276 2831 396
288 2794 342 2843 sqq.
350 2796 360 2839 ‚·
379 2777 410 2831 L.
426 2778 617 2843 Goldsohmr‘dt,
633 2778 750 2831 ‘Hando
764 2779 790 2830 d.
804 2776 1078 2843 Hoadrlsrechte'1⁸‚
1095 2796 1124 2845 p.
1135 2779 1196 2842 105,
1216 2794 1243 2830 a.
1257 2779 1308 2838 32,·

183 2866 210 2913 ρ.
225 2850 285 2910 loa,
310 2866 337 2902 a.
353 2850 411 2901 167.
441 2878 472 2886 -
500 2848 582 2899 Dalm
607 2850 760 2900 ‘telonarios
781 2849 853 2899 saos'
876 2849 1071 2914 interpretatur
1095 2850 1175 2914 quasi
1191 2849 1310 2898 eonsules

185 2921 379 2981 negotiatorum
391 2926 588 2983 extraneorum,
608 2918 642 2969 ab
654 2919 706 2983 his,
726 2926 756 2970 at
772 2935 868 2970 masas
880 2919 1073 2970 commerciales
1085 2921 1156 2970 inter
1167 2934 1193 2969 se
1205 2919 1308 2968 diiudi-

185 2997 284 3052 aaran,
303 2991 467 3053 constitutos,
488 2990 533 3040 sod
547 3005 575 3040 ro
591 2990 673 3040 simul
691 2991 779 3054 officio
797 2991 910 3053 functos,
930 2996 960 3040 at
978 2990 1077 3041 telonea
1095 3006 1113 3040 a
1129 2989 1309 3055 popularibus

185 3061 243 3108 sais
264 3061 428 3125 perciperent
452 3067 476 3110 ot
501 3061 563 3124 fisco
580 3061 778 3123 Visiqothoram
803 3060 950 3114 redolerent.
987 3061 1105 3110 Ecoatra
1125 3058 1309 3111 Goldschmidt

187 3130 312 3193 intelliqe't
338 3130 482 3181 telonarios
507 3131 609 3194 reqales
632 3131 794 3197 Visiyothos,
826 3130 922 3196 quibus
951 3132 980 3180 ia
1005 3132 1131 3196 easporr'is
1155 3131 1308 3180 iurisdictio

185 3216 265 3266 saper
290 3202 465 3265 rmqotiatores
490 3202 689 3253 tronmrorr'aos
713 3203 851 3253 mmnriesa
878 3208 949 3266 erat,
978 3202 1117 3268 complura
1145 3202 1307 3263 interimam

185 3272 349 3322 saecolorum
367 3273 482 3324 eiusdem
500 3273 659 3324 conditionis
676 3273 797 3339 eaeomplo
815 3271 938 3336 afferma.
