3000 4934
246 350 319 407 ΧΠ
693 349 924 407 PRAEFATIO.

363 533 501 613 Utraque
524 553 597 614 erpo
621 532 671 596 leu
694 531 800 597 causis
811 530 1097 613 praescriptionem
1112 530 1247 614 tripinta
1268 555 1366 599 anno·

247 642 319 687 rum
332 619 499 700 constituit,
510 626 679 702 praeterea
694 626 799 684 autem
814 619 881 683 iam
892 641 998 684 omnes
1014 641 1127 685 causas
1142 627 1367 704 antepupnam

247 710 338 774 illam
362 708 594 774 celeberrimam
616 715 645 773 et
666 709 799 789 fatalem
822 714 911 773 actas
933 729 998 773 esse
1020 708 1165 773 abolitas.
1211 710 1366 777 Auctores

248 797 344 879 Lepis
365 796 636 879 Burpundiouum
665 795 906 877 antiquissimas
928 796 1161 879 Visipotborum
1189 799 1270 880 lepes
1292 806 1366 864 ante

248 887 351 952 oculos
381 885 527 950 babuisse
552 892 581 950 et
603 906 668 949 non
684 907 792 967 pauca
820 887 867 949 ad
895 906 1004 950 earum
1034 887 1175 968 euempla
1203 887 1366 969 scripsisse

247 995 348 1056 nuper
371 972 596 1038 demonstrauit
618 974 664 1038 H.
683 973 849 1054 Brunner,
871 971 924 1038 ί1).
941 974 1030 1039 Ra!
1047 975 1077 1056 I,
1093 996 1129 1055 p.
1143 981 1218 1039 339.
1254 976 1365 1040 Etiam

247 1062 298 1128 bic
320 1061 400 1126 mibi
429 1062 577 1127 uidentur
598 1061 848 1144 Burpundiones
877 1061 1087 1144 Visipotbicas
1117 1064 1197 1146 lepes
1226 1063 1366 1129 imitatos

247 1172 320 1231 esse,
346 1152 500 1231 quaedam
523 1152 568 1214 ad
588 1152 684 1215 cerba
707 1149 914 1215 suscribentes
924 1151 944 1214 ¹.

353 1240 408 1303 En
430 1241 537 1304 eadem
560 1260 595 1304 re
618 1238 714 1303 etiam
737 1245 864 1320 tempus,
896 1259 956 1320 quo
979 1240 1048 1304 Len
1071 1239 1188 1306 Eurin'
1211 1244 1287 1306 data
1310 1249 1363 1323 est,

247 1327 397 1408 efficitur.
445 1329 534 1392 Nam
556 1327 585 1391 si
605 1326 796 1410 peneraliter
818 1327 944 1408 quidem
968 1328 1081 1392 XXX
1096 1350 1255 1394 annornm
1271 1352 1364 1413 prae-

246 1415 375 1499 scriptio
410 1416 618 1497 constituitur,
651 1422 820 1499 praeterea
858 1422 962 1481 autem
999 1438 1105 1482 omnes
1144 1439 1258 1483 causae
1292 1426 1365 1484 ante

240 1526 386 1587 pupnam
414 1504 505 1569 illam
535 1504 616 1569 anni
647 1509 722 1568 451.
753 1511 841 1569 actae
871 1505 1006 1570 abolitae
1036 1506 1249 1588 declarantur,
1282 1508 1365 1573 banc

247 1594 343 1676 lepem
365 1593 529 1658 nonnullis
551 1593 649 1657 annis
674 1599 747 1657 ante
770 1614 892 1658 annum
916 1598 990 1657 481.
1015 1595 1123 1657 datam
1149 1616 1214 1659 esse
1237 1602 1363 1677 oportet.

246 1683 390 1748 Econtra
420 1702 497 1762 opus
525 1680 733 1763 lepislationis
755 1681 913 1746 Euricum
943 1687 1021 1746 certe
1044 1702 1109 1746 uon
1124 1682 1244 1764 primis
1267 1684 1365 1748 annis

243 1776 315 1852 post
329 1790 461 1852 repnum
476 1776 634 1852 acceptum
648 1769 792 1850 finivisse
808 1769 995 1835 crediderim
1001 1791 1014 1851 ,·
1036 1769 1142 1850 itaque
1156 1769 1246 1834 intra
1261 1793 1364 1836 annos

246 1859 313 1937 fere
344 1863 419 1922 470.
449 1864 478 1923 et
508 1863 583 1922 475.
617 1858 721 1924 Codeu
748 1858 865 1924 Eurici
894 1858 996 1923 editus
1027 1879 1091 1922 esse
1125 1858 1206 1923 mibi
1238 1859 1364 1941 quidem

245 1946 378 2012 uidetur.

357 2035 461 2100 (boden
483 2035 608 2118 Earini,
639 2035 730 2102 cuius
756 2057 822 2100 non
844 2035 910 2100 nisi
931 2035 1114 2118 frapmenla
1137 2037 1257 2101 tradita
1279 2045 1362 2119 sunt,

245 2122 282 2188 in
304 2123 462 2207 inteprum
484 2124 608 2190 restitui
631 2146 696 2189 non
712 2130 823 2208 potest.
871 2123 1045 2206 Pleraeque
1071 2125 1196 2207 quidem
1219 2125 1363 2191 constitu-

245 2211 354 2294 tiones,
385 2232 465 2293 quae
497 2213 534 2277 in
561 2214 645 2296 lepe
672 2213 961 2279 Reccessuindiana
992 2213 1161 2296 ‘autiquae'
1190 2214 1362 2297 inscriptae

244 2308 327 2383 sunt,
352 2322 390 2365 eu
410 2301 521 2368 Codice
539 2301 656 2366 Eurici
679 2308 818 2383 receptae
838 2309 920 2384 sunt,
946 2322 1043 2383 neque
1062 2324 1135 2368 nero
1154 2325 1259 2368 omnes
1283 2303 1363 2368 anti·

244 2409 324 2470 quae
350 2389 425 2455 inde
447 2396 589 2471 sumptae
614 2396 697 2471 sunt,
729 2409 826 2470 neque
855 2411 962 2454 omnes
984 2391 1101 2455 Eurici
1123 2393 1203 2473 lepes
1225 2398 1364 2472 receptae

243 2485 336 2559 sunt,
366 2499 446 2560 9999
475 2485 578 2543 aulem
600 2483 740 2560 receptae
761 2483 836 2541 sunt
858 2498 896 2542 en
912 2483 1008 2559 parte
1030 2499 1095 2542 non
1122 2479 1297 2543 inmutatae
1326 2480 1363 2544 in

243 2566 530 2632 Reccessoindiana
552 2568 636 2648 Lepe
662 2572 805 2646 exstant,
833 2567 889 2630 sed
910 2587 948 2630 ea
976 2565 1097 2646 forma,
1127 2586 1223 2647 quam
1253 2566 1362 2631 Leoni·

241 2655 323 2736 pildi
352 2655 531 2721 recensione
558 2654 712 2736 accepisse
738 2653 894 2718 uidentur.
946 2653 1035 2718 Certe
1058 2653 1183 2734 99997999
1205 2675 1260 2719 eas
1282 2655 1363 2737 lepes

244 2741 413 2824 ‘antiquas'
436 2742 557 2808 Eurico
580 2743 750 2807 attribuere
773 2743 924 2824 debemus,
948 2762 1028 2823 quae
1051 2741 1088 2807 in
1105 2743 1205 2824 Lepos
1219 2743 1362 2809 Baiura-

241 2830 374 2912 riorum,
390 2830 669 2912 Burpundionum,
687 2832 891 2896 Francorum
905 2836 1045 2912 receptae
1067 2831 1116 2896 uel
1137 2831 1183 2896 ibi
1201 2832 1362 2897 adbibitae

241 2925 335 3000 sunt,
358 2919 400 2999 cf.
424 2920 470 2983 H.
493 2919 658 3000 Brunner,
685 2917 738 2984 ‘D.
760 2918 848 2984 Ra!
872 2919 902 3001 I,
920 2941 956 3002 p.
979 2925 1054 2982 300.
1080 2924 1144 2983 314
1159 2940 1205 3001 sq.
1231 2927 1305 2984 339.

349 3008 394 3072 Ι9
422 3006 547 3072 Codicis
569 3006 686 3074 Eurici
714 3007 905 3090 frapmentis
934 3007 1063 3073 edendis
1092 3029 1169 3072 usus
1190 3030 1261 3073 sum
1290 3029 1361 3091 apo-

240 3095 362 3177 9999199
386 3095 531 3177 Knustii,
563 3098 647 3177 quod
673 3096 741 3179 ipse
763 3096 907 3162 Parisiis
936 3118 1006 3163 cum
1036 3096 1138 3163 codice
1168 3097 1285 3163 contuli
1314 3097 1361 3163 in-

241 3183 473 3340 {illvm
490 3184 721 3357 039037
735 3186 912 3359 tntu
925 3185 1362 3359 iocurnrnnurnl

468 3326 477 3357 7
524 3323 532 3338 '
688 3325 696 3340 ”
1012 3328 1021 3357 t

241 3363 334 3429 uncis
367 3363 535 3446 quadratis
567 3361 575 3448 l
604 3360 611 3447 l
644 3365 770 3430 inclusi.
824 3365 943 3446 Aperte
977 3365 1055 3430 lecta
1090 3370 1119 3428 et
1147 3365 1361 3445 supplementa

242 3459 327 3517 certa
357 3453 451 3519 rectis
480 3452 608 3534 litteris,
645 3452 787 3535 antiquis
816 3472 896 3533 quae
926 3452 1085 3531 dicuntur,
1115 3451 1259 3530 imprimi
1287 3449 1358 3529 feci,

241 3559 322 3620 quae
345 3541 494 3606 dubitans
517 3540 579 3622 lepi
600 3540 649 3604 uel
670 3540 812 3620 suppleri
834 3537 968 3619 obliquis
984 3537 1106 3618 litteris,
1131 3536 1266 3602 cursivis
1281 3556 1360 3618 quae

241 3627 399 3694 dicuntur.

348 3715 494 3798 Papinas
521 3714 637 3781 codicis
658 3714 750 3798 sipno
789 3712 801 3796 ΙΙ
840 3713 975 3780 distincti
997 3713 1085 3779 etin
1107 3713 1252 3796 marpine
1269 3711 1361 3796 papi·

240 3825 302 3868 uas
331 3803 461 3886 codicis,
494 3804 603 3885 quales
631 3824 718 3869 nunc
747 3809 834 3885 sunt,
865 3809 894 3868 et
922 3801 1014 3868 uuus
1042 3801 1185 3867 inclusas
1207 3802 1359 3884 papinus,

240 3893 349 3975 quales
370 3892 407 3957 in
430 3892 561 3974 antiquo
584 3893 687 3974 lepum
709 3891 812 3957 codiee
834 3897 936 3973 mant,
959 3890 1113 3957 indicaui.
1158 3889 1274 3956 Versus
1295 3890 1359 3956 sin·

239 3981 330 4064 pulos
345 3980 546 4064 popinarum
569 3979 684 4046 codicis
706 3979 843 4062 sinpnlis
866 3979 960 4045 lineis
982 3979 1134 4062 disposui.

242 4208 268 4272 1)
288 4207 340 4259 Cui
355 4209 479 4274 opinioni
501 4224 556 4259 uon
581 4208 685 4260 obstare
709 4207 821 4272 ridetur,
846 4208 918 4273 quod
940 4209 981 4261 tit.
995 4210 1037 4262 79.
1062 4206 1142 4272 Lapis
1160 4206 1245 4272 Burp.
1265 4207 1360 4258 condi·

240 4281 367 4331 tutionun
385 4294 410 4332 a.
424 4279 484 4334 515.
504 4279 597 4331 datam
612 4279 738 4347 pracbet;
754 4294 819 4329 nom
837 4279 887 4330 ilia
904 4279 1041 4330 simillimi
1057 4283 1125 4330 corte
1143 4277 1195 4343 lupi
1209 4276 1359 4344 deperditae

240 4350 383 4402 substituta
400 4357 455 4412 cst‚·
472 4351 506 4416 cf.
526 4352 606 4402 etiam
623 4350 718 4416 199999
735 4349 887 4402 Romanam
905 4349 992 4416 Burp.
1010 4355 1029 4404 t.
1047 4352 1091 4404 31.
