3000 4934
458 360 537 416 LEX
554 363 670 423 vlsle.
689 364 959 424 REOGESSVIND.
994 365 1148 436 1111‚5‚1.
1313 371 1364 425 139

240 544 355 630 perire
370 565 442 608 non
458 545 573 624 debet,
599 550 660 610 aut
683 547 852 611 naturalis
868 548 979 631 pietas
1002 549 1232 632 suspendatur
1248 570 1269 613 a
1283 549 1364 614 filiis

239 632 297 699 vel
318 632 516 718 nepotibus,
540 654 644 717 quam
668 635 759 699 circa
782 655 839 700 eos
862 637 1012 700 exerceri
1032 639 1255 720 conpetenter
1270 658 1365 721 opor-

239 725 308 787 tet:
339 721 420 787 ideo
449 721 617 805 abrogata
647 722 734 806 legis
761 723 856 788 illius
884 725 1066 800 sententia,
1097 745 1165 808 qua
1187 729 1286 808 pater
1308 725 1364 789 vel

240 812 353 875 mater
380 813 443 874 aut
466 830 550 875 avus
573 811 644 876 sive
667 812 745 876 avia
772 812 809 874 iu
833 815 1032 877 extraneam
1054 832 1235 897 personam
1257 812 1363 877 facul-

239 901 351 963 tatem
370 918 470 962 suam
486 899 652 977 conferre,
677 900 706 963 si
729 899 928 977 voluissent,
953 904 1161 985 potestatem
1183 901 1362 977 haberent,

239 985 296 1051 vel
320 986 428 1051 etiam
450 987 494 1052 de
519 987 599 1052 dote
623 1008 686 1051 sua
708 988 823 1053 facere
847 989 971 1053 mulier
998 990 1091 1071 quod
1118 988 1304 1072 helegisset
1326 990 1363 1051 in

241 1074 386 1139 arbitrio
417 1095 479 1139 suo
510 1076 728 1153 consisteret,
760 1079 833 1140 sta⁰
862 1077 970 1159 magis
1001 1080 1155 1141 servetur
1183 1098 1203 1141 a
1230 1078 1363 1141 eunctis

240 1163 421 1228 moderata
444 1183 598 1239 censura,
627 1184 696 1246 qua
718 1184 782 1228 nec
805 1164 1005 1249 parentibus
1028 1164 1083 1239 vel
1107 1159 1212 1229 aviisf
1239 1166 1363 1228 adima-

240 1254 300 1314 tur
327 1250 507 1315 iudicandi
535 1252 577 1316 de
605 1252 707 1316 rebus
736 1253 805 1316 suis
834 1272 875 1316 ex
902 1256 977 1316 toto
1005 1253 1156 1329 licentia,
1187 1273 1251 1317 neo
1274 1253 1363 1316 filios

240 1343 303 1403 aut
326 1342 471 1423 nepotes
495 1360 516 1404 a
533 1341 747 1405 successione
763 1361 904 1405 avorum
919 1340 975 1404 vel
990 1341 1185 1423 genitorum
1202 1361 1243 1404 ex
1258 1342 1362 1404 omni·

240 1426 305 1491 bus
327 1427 477 1511 repellat
499 1428 687 1493 indiscreta
702 1428 884 1493 volumtas.
920 1428 1034 1511 Igitur
1056 1433 1155 1513 pater
1170 1429 1225 1492 vel
1241 1433 1361 1504 mater,

240 1535 325 1579 avus
352 1515 409 1580 vel
438 1517 529 1593 avia,
560 1516 684 1598 quibus
715 1519 909 1601 quempiam
938 1516 1085 1580 filiorum
1112 1517 1167 1581 vel
1197 1519 1363 1601 nepotum

240 1602 448 1668 meliorandi
463 1604 636 1669 volumtas
653 1609 714 1682 est,
735 1607 825 1669 hanc
841 1609 977 1670 servent
993 1606 1131 1669 omnino
1148 1611 1361 1682 censuram&

206 1746 213 1761 .
240 1695 281 1755 ut
303 1711 407 1777 super
423 1692 591 1757 decimam
614 1697 748 1777 partem
770 1713 884 1757 rerum
909 1714 1049 1757 suarum
1070 1693 1259 1757 melioratis
1282 1693 1362 1757 filiis

240 1783 303 1844 aut
332 1778 470 1846 filiabus
500 1781 557 1846 vel
586 1782 770 1866 nepotibus
805 1786 909 1864 atque
939 1782 1102 1865 neptibus
1133 1802 1174 1846 ex
1203 1782 1361 1845 omnibus

239 1868 343 1933 rebus
373 1869 444 1933 suis
475 1869 623 1954 amplius
653 1869 742 1934 nihil
774 1869 988 1954 inpendentl
1016 1890 1127 1952 neque
1158 1868 1362 1933 facultatem

240 1976 339 2022 suam
367 1977 408 2022 ex
431 1958 591 2022 omnibus
620 1960 657 2021 in
688 1963 886 2023 extraneam
916 1978 1096 2041 personam
1122 1958 1360 2033 transducant,

239 2045 307 2109 nisi
334 2046 482 2111 fortasse
510 2048 715 2130 provenerit,
748 2067 804 2111 eos
832 2047 1006 2128 legitimos
1030 2045 1118 2108 filios
1141 2045 1196 2108 vel
1219 2048 1361 2128 nepotes

205 2188 211 2202 .
239 2154 310 2197 non
339 2134 468 2200 habers
498 2138 681 2219 suprestes.
736 2135 826 2198 Sane
855 2135 884 2197 si
912 2133 1002 2196 filios
1033 2133 1103 2196 sive
1132 2136 1275 2216 nepotes
1305 2133 1362 2195 ha-

240 2221 363 2287 bentes
399 2223 552 2287 ecclesiis
581 2223 637 2288 vel
672 2222 805 2288 libertis
841 2225 903 2286 aut
937 2221 1061 2304 quibus
1096 2219 1288 2303 elegerint*
1319 2220 1361 2285 de

205 2367 211 2379 .
239 2309 411 2375 facultate
438 2331 502 2374 sua
528 2310 699 2394 largiendi
721 2311 949 2375 volumtatem
972 2309 1168 2386 habuerint,
1201 2310 1243 2372 de
1267 2309 1361 2390 quin·

239 2402 314 2462 tam
343 2402 482 2463 tantum
512 2404 647 2483 partem
676 2400 854 2464 iudicandi
883 2401 1036 2482 potestas
1065 2397 1135 2462 illis
1163 2397 1362 2461 indubitata

205 2541 211 2557 .
240 2487 428 2552 manebitl.
478 2487 720 2553 Exheredare⁸
750 2492 865 2552 autem
896 2487 984 2551 filios
1015 2491 1077 2550 aut
1106 2490 1248 2570 nepotes
1279 2485 1362 2550 licet

239 2596 302 2660 pro
337 2569 433 2640 lebih
468 2576 571 2660 culpa
604 2576 778 2641 inlicitum
812 2577 882 2640 iam
914 2576 1015 2640 dictis
1048 2574 1249 2659 parentibus
1284 2575 1359 2651 erit,

239 2662 443 2747 flagellandi
484 2669 603 2728 tamen
640 2669 676 2730 et
715 2665 922 2749 corripiendi
961 2684 1032 2742 eos,
1076 2664 1241 2746 quamdiu
1278 2666 1361 2726 sunt

239 2752 276 2814 in
305 2752 442 2817 familia
472 2753 667 2829 constituti,
701 2757 774 2817 tam
805 2747 885 2817 aroi
921 2773 1024 2835 quam
1054 2753 1143 2828 avie,
1180 2771 1240 2814 seu
1269 2751 1361 2835 patri

238 2860 343 2923 quum
377 2842 482 2905 matri
515 2844 670 2926 potestas
702 2841 867 2906 manebit.
922 2842 1013 2905 Nam
1047 2841 1076 2905 si
1110 2840 1201 2903 filius
1236 2839 1358 2914 filiave,

239 2949 355 3013 nepos,
381 2930 496 3015 neptis
518 2933 592 2993 tam
616 2930 834 3014 presumtiosi
858 2930 1047 3005 extiterint,
1071 2932 1112 2992 ut
1135 2949 1236 2992 avum
1260 2949 1360 2991 suum

239 3020 301 3081 aut
325 3018 447 3095 aviam,
473 3019 543 3082 sive
567 3019 673 3083 etiam
695 3024 830 3104 patrem
854 3023 915 3081 aut
938 3022 1083 3082 matrem
1105 3021 1179 3080 tam
1199 3014 1360 3098 gravibus

238 3105 374 3170 iniuriis
398 3111 566 3171 conentur
590 3108 737 3182 afficere,
769 3108 835 3171 hoc
863 3111 924 3182 est,
956 3108 985 3169 si
1012 3109 1073 3168 aut
1102 3103 1211 3188 alapa,
1243 3123 1359 3186 pugno

237 3192 294 3258 vel
310 3193 414 3271 calce,
436 3215 497 3260 seu
513 3195 628 3280 lapide
644 3201 706 3260 aut
724 3197 818 3260 fuste
833 3193 889 3259 vel
905 3193 1043 3276 flagello
1059 3191 1264 3277 percutiant,
1289 3191 1359 3255 sive

238 3301 300 3365 per
327 3282 451 3366 pedem
478 3282 533 3348 vel
563 3304 624 3368 per
651 3284 795 3368 capillos
823 3303 863 3347 ac
890 3303 952 3366 per
979 3301 1120 3345 manum
1148 3279 1253 3344 etiam
1275 3272 1357 3343 velk

238 3389 455 3454 quocumque
484 3372 668 3436 inhonesto
699 3393 780 3437 casu
810 3372 984 3435 abstraere
1015 3367 1261 3433 contumeliose
1289 3386 1360 3451 pre·

238 3463 378 3523 sumant
408 3464 470 3523 aut
500 3461 639 3544 publice
669 3463 908 3544 quodcumque
938 3459 1068 3523 crimen
1100 3477 1164 3521 avo
1194 3459 1256 3520 aut
1285 3455 1360 3519 avie

238 3567 299 3611 seu
322 3547 537 3630 genitoribus
560 3550 631 3614 suis
653 3550 821 3614 obiciant:
845 3548 944 3624 tales,
969 3548 998 3611 si
1020 3546 1160 3630 quidem
1177 3544 1360 3608 manifeste

238 3636 398 3712 convicti,
423 3640 459 3701 et
481 3638 687 3703 verberandi
710 3642 792 3703 sunt
815 3641 897 3702 ante
920 3628 1087 3701 iudicem¹
1110 3632 1359 3718 quinquagenis

236 3722 385 3807 flagellis
416 3728 452 3790 et
481 3726 525 3790 ab
554 3727 750 3792 hereditate
779 3726 1064 3811 supradictorum,
1096 3723 1125 3787 si
1155 3723 1244 3787 idem
1277 3740 1359 3784 avus

355 3896 380 3962 *)
398 3896 459 3951 Cod.
472 3897 539 3953 122:
558 3897 661 3965 aliquid
673 3897 739 3952 dare
752 3896 893 3966 elegerint,
912 3897 946 3950 de
959 3896 1054 3964 quintu
1072 3891 1263 3948 tantummodo
1282 3894 1360 3960 parte

398 3970 519 4035 potestas
537 3967 589 4021 illis
607 3967 762 4022 indubitata
780 3969 910 4024 manebit.

346 4128 367 4173 a)
381 4126 425 4166 leta
435 4127 484 4169 132.
524 4127 613 4175 nablis
627 4129 674 4170 121.
714 4128 737 4179 g)
751 4128 783 4166 ita
793 4128 839 4169 131.
851 4126 982 4174 V5.L1nc.;
996 4135 1122 4164 mensuram
1134 4124 1179 4166 Μ.
1220 4123 1244 4170 h)
1259 4122 1303 4161 lovl
1315 4121 1359 4165 llll.

237 4178 254 4226 l)
268 4188 312 4218 nvo
328 4189 394 4227 quam
408 4180 452 4223 dec.
466 4181 516 4231 1313
533 4181 572 4220 avi
586 4192 653 4230 quam
668 4182 716 4224 122.
771 4181 795 4229 k)
809 4182 866 4220 decet
880 4181 927 4222 Bl.
981 4180 996 4226 l)
1011 4176 1086 4217 ludlce
1100 4178 1146 4219 131.

240 4317 267 4382 1)
284 4318 326 4382 Cf.
344 4335 428 4387 supra
447 4323 473 4388 a,
488 4324 530 4378 ra
615 4324 643 4389 2)
661 4324 702 4388 ef.
723 4324 787 4378 resa.
860 4322 887 4389 3)
906 4322 947 4386 cs.
966 4321 1019 4375 aa.
1037 4319 1116 4372 aaa
1137 4319 1196 4373 ros.
1217 4318 1277 4372 roe.
