3000 4934
225 377 278 429 222
415 371 493 424 LEX
511 369 626 425 VISIG.
645 369 915 426 REOOESSVIND.
952 368 1020 436 VH,
1039 372 1064 436 5,
1083 373 1107 425 7.
1127 372 1152 425 8.

431 548 497 604 VH.
529 547 697 603 FLAVIUS
718 545 1032 602 OHINDASVINDUS
1051 545 1139 600 REX.

271 662 331 725 De
367 661 532 725 callide
567 664 609 725 et
643 659 959 737 fraudulenter
994 658 1300 721 anterioribus

538 749 777 832 scripturis
805 747 1034 811 confectis.

334 855 558 934 Quorundam
586 875 666 938 sepe
695 854 867 917 calliditas
896 855 1048 938 exegit³‚
1078 856 1118 915 ut
1144 873 1232 918 nove
1256 875 1352 917 sanc-

225 946 330 1009 tionis
362 945 612 1008 constituamus
643 943 809 1019 edictum,
845 943 928 1006 dum
962 963 1079 1007 eorum
1109 963 1198 1006 nova
1228 945 1263 1007 et
1294 943 1351 1007 ab·

225 1033 373 1098 orrenda
407 1033 540 1095 fraudis
575 1032 755 1096 molimina
787 1032 825 1094 in
855 1031 1001 1094 aliorum
1035 1031 1239 1114 deceptione
1272 1052 1351 1095 con-

227 1123 367 1186 cinnata
384 1114 659 1204 cognoscimusb.
695 1121 844 1184 Proinde
868 1121 949 1202 quia
972 1122 1054 1182 sunt
1077 1119 1232 1203 plerique
1248 1123 1351 1184 tanto

226 1210 312 1274 alios
337 1209 627 1274 circumveniendi
650 1209 799 1273 istudio⁰
826 1209 943 1285 dediti,
968 1211 1009 1270 ut
1032 1208 1096 1272 sub
1120 1209 1223 1271 unius
1247 1229 1351 1273 cause

226 1299 364 1363 nomine
392 1299 429 1360 in
452 1298 572 1362 multis
596 1298 757 1381 capitulis
785 1318 846 1381 per
869 1292 1073 1380 iscripture‘l
1100 1297 1222 1361 seriem
1245 1298 1351 1362 inter-

226 1389 309 1452 dum
333 1388 466 1470 aliquos
490 1387 655 1469 obligent,
680 1387 783 1449 huius
804 1386 974 1469 perpetim
990 1386 1139 1449 valiture
1162 1386 1249 1468 legis
1273 1406 1351 1450 con-

226 1477 408 1540 stitutione
425 1475 649 1552 decernimus,
670 1478 720 1551 ut,
745 1475 951 1557 quicumque
970 1495 1047 1538 cum
1064 1474 1132 1538 alio
1150 1474 1192 1537 de
1207 1476 1351 1557 negotio

226 1564 368 1648 speciali
393 1564 559 1628 definiens
575 1564 771 1647 generalem
788 1564 944 1646 scriptis⁰
967 1563 1250 1627 constitutionem
1273 1563 1352 1626 sub·

225 1653 458 1717 introduxerit
486 1653 597 1735 adque
628 1653 678 1715 ita
706 1652 970 1716 circumvenerit
998 1651 1157 1734 aliquem,
1185 1653 1235 1727 ut,
1266 1652 1352 1714 dum

227 1743 270 1806 de
300 1763 371 1806 una
402 1752 504 1805 causa
533 1741 573 1803 fit
605 1741 858 1817 convenientia,
895 1740 1020 1804 callide
1052 1761 1113 1824 per
1143 1740 1352 1823 scripturam

227 1832 390 1907 intereat,
422 1830 513 1893 unde
545 1850 680 1893 omnem
712 1829 753 1893 de
785 1828 861 1892 aliis
891 1829 1039 1913 negotiis
1064 1828 1207 1893 alterius
1230 1849 1352 1894 vocem

227 1920 408 2002 extinguat
431 1918 487 1982 vel
511 1919 616 1982 etiam
646 1918 793 1981 fortasse
821 1919 1014 2001 proveniat,
1044 1921 1084 1981 ut
1111 1939 1182 1981 non
1209 1918 1352 2000 quidem

228 2028 288 2092 per
317 2009 530 2091 scripturam,
560 2007 620 2071 sed
648 2007 711 2070 sub
742 2007 818 2070 aliis
841 2007 954 2071 verbis
978 2006 1066 2069 aliut
1089 2007 1255 2070 simulans
1279 2007 1351 2089 qui-

228 2117 373 2179 cumque
402 2096 551 2179 aliquem
580 2096 697 2160 dolose
721 2098 782 2158 aut
804 2096 1047 2159 fraudulenter
1073 2096 1110 2158 in
1134 2091 1351 2178 quocumque

229 2178 413 2269 decipiatf,
449 2185 552 2247 huius
586 2187 636 2248 rei
670 2187 864 2267 presumtor
894 2187 930 2248 et
960 2184 1099 2267 publica
1130 2187 1271 2248 notetur
1302 2185 1351 2246 in-

226 2275 348 2351 famia,
385 2277 420 2338 et
456 2275 500 2350 ei,
537 2294 638 2356 quem
674 2275 958 2349 circumvenerat,
995 2293 1137 2337 manens
1171 2273 1349 2350 obnoxius,

228 2364 393 2439 eamdem,
423 2382 489 2444 que
518 2362 560 2426 de
587 2361 738 2425 falsariis
766 2361 839 2424 lata
867 2364 928 2439 est,
959 2366 1165 2426 censuramg
1191 2361 1277 2445 legis
1302 2363 1351 2424 in-

228 2454 355 2514 currat.
402 2449 515 2512 Simili
542 2471 676 2532 quoque
705 2451 830 2514 damno
854 2450 909 2515 vel
936 2471 1026 2533 pena
1055 2451 1228 2514 multandi
1255 2454 1348 2528 sunt,

228 2540 288 2622 qui
311 2542 451 2622 propter
475 2539 707 2603 evacuandam
733 2539 976 2603 fraudulenter
998 2540 1223 2623 posteriorem
1247 2540 1350 2623 scrip-

227 2631 352 2703 turam,
384 2647 445 2710 per
468 2628 649 2691 anterioris
674 2629 842 2711 scripture
865 2629 987 2692 seriem
1010 2649 1064 2692 res
1089 2629 1234 2704 easdem,
1264 2648 1349 2710 quas

228 2716 395 2800 posterior
426 2717 596 2800 scriptura
626 2717 789 2793 continet,
821 2717 858 2778 in
887 2716 1029 2781 alterius
1056 2718 1195 2781 nomine
1224 2716 1349 2780 callide

228 2805 398 2888 obligasse
432 2806 685 2889 repperiuntur,
722 2806 772 2869 ita
805 2808 846 2868 ut
877 2809 950 2868 tam
984 2805 1054 2883 1119,
1091 2806 1149 2888 qui
1184 2804 1248 2869 sub
1283 2806 1349 2869 hac

226 2894 351 2958 fraude
374 2895 481 2958 talem
504 2895 709 2978 scripturam
731 2895 854 2959 fecisse
878 2895 1062 2978 detegitur,
1091 2915 1194 2977 quam
1217 2893 1287 2970 ille,
1311 2894 1350 2956 in

228 2984 325 3046 cuius
347 2983 487 3047 nomine
510 2983 606 3047 facta
628 2984 736 3047 fuisse
759 2983 962 3060 constiterit,
988 2984 1017 3047 si
1041 2983 1195 3047 conscius
1215 2983 1349 3045 fraudis

227 3072 331 3135 huius
361 3073 569 3156 agnoscitur,
601 3073 730 3149 eadem,
762 3093 831 3155 qua
858 3093 961 3156 supra
984 3075 1142 3135 taxatum
1166 3074 1228 3148 est,
1253 3074 1289 3134 et
1311 3071 1349 3133 in

226 3161 329 3225 rebus
353 3164 388 3225 et
411 3162 448 3223 in
465 3181 605 3244 corpore
621 3162 755 3224 iactura
771 3162 967 3237 damnetur;
994 3164 1029 3224 et
1046 3163 1211 3225 evacuata
1226 3152 1345 3243 priorh

226 3250 406 3333 scriptura,
431 3251 530 3313 firma
552 3249 804 3314 nihilhominus
828 3251 997 3332 posterior
1020 3249 1199 3315 habeatur.

422 3420 505 3477 VHI.
536 3419 704 3476 FLAVIUS
724 3420 1038 3477 OHINDASVINDUS
1057 3420 1145 3477 REX.

272 3534 332 3597 De
364 3533 529 3597 callide
559 3537 602 3598 et
631 3533 946 3598 fraudulenter
978 3532 1303 3617 posterioribus

539 3622 778 3704 scripturis
803 3623 1034 3686 confectis.

333 3727 413 3791 Non
437 3729 596 3791 inmerito
614 3729 749 3810 cogitur
766 3728 921 3792 debitum
937 3729 1075 3794 heredis
1098 3729 1264 3805 exolvere,
1289 3728 1350 3810 qui

226 3836 401 3880 successor
420 3816 625 3880 hereditatis
640 3817 819 3880 noscitura
840 3819 1003 3882 extitisse.
1040 3816 1130 3895 Quia
1145 3837 1226 3901 ergo
1242 3816 1349 3879 nullis

226 3906 386 3969 fraudem
417 3924 554 3969 necesse
586 3907 639 3968 est
669 3906 904 3970 occasionibus
935 3927 1106 3984 excusare,
1140 3906 1243 3969 huius
1276 3925 1349 3989 per-

226 3994 335 4078 petim
358 3993 506 4058 valituro
534 3994 621 4077 legis
646 3995 823 4059 sanctione
847 4015 1033 4073 censemus,
1062 3998 1112 4072 ut,
1142 3995 1349 4078 quicumque

227 4082 371 4147 cuilibet
394 4103 455 4166 per
476 4083 720 4166 cuiuscumque
744 4085 912 4168 scripture
936 4087 1153 4149 contractum
1175 4104 1229 4148 res
1253 4103 1349 4166 quas·

334 4257 384 4299 VII.
419 4259 441 4304 a)
455 4257 526 4306 exigit
539 4257 587 4298 132.
629 4257 652 4305 b)
666 4257 880 4306 cognoscimur-121.
921 4261 942 4306 o)
955 4255 1031 4297 studio
1045 4258 1094 4299 112.
1135 4254 1159 4304 d)
1173 4256 1284 4305 scripture
1299 4256 1350 4298 112.

226 4310 453 4359 e)inscriptlsR2.
507 4311 688 4358 0911111ῌί1.
742 4314 765 4360 g)
780 4321 875 4350 censura
889 4311 935 4354 121.
990 4309 1349 4361 h)ctaR1.E1;prioris122.

334 4365 396 4406 VIII.
437 4366 459 4411 a)
473 4368 597 4404 noscuntur
611 4365 656 4406 Rl.
