3000 4934
232 365 285 419 152
433 359 513 416 LEX
529 358 646 417 VISIG.
663 358 932 416 Redonesvm).
969 359 1005 429 V,
1024 363 1050 428 4,
1069 363 1148 417 4-8.

232 545 460 611 constitutum
489 564 560 608 non
587 544 774 608 ooourrerit
802 543 903 620 diem,
935 563 1038 628 quem
1059 542 1210 608 voluerit
1232 564 1294 627 pro
1318 564 1355 608 se

232 634 369 717 dirigat,
394 633 454 716 qui
475 633 624 715 pretium
646 634 802 716 tempore
818 631 962 697 definito
984 631 1217 716 peroonpleet.
1253 630 1356 711 Quod

232 724 262 786 si
284 721 473 787 constituto
497 721 553 786 die
576 740 639 786 neo
663 721 736 804 ipse
759 721 970 798 successerit,
988 740 1059 785 neo
1075 740 1137 805 pro
1153 740 1189 785 se
1206 720 1355 804 dirigere

230 810 390 888 voluerit,
419 829 512 874 arras
535 810 777 873 tantummode
800 809 955 893 resipiat,
986 828 1071 891 quas
1100 809 1206 888 dedit,
1237 812 1272 874 et
1299 828 1354 873 res

233 899 376 964 definita
398 919 468 962 non
490 897 615 963 valeat.

649 1068 685 1125 v.
716 1067 931 1138 innisum.

405 1179 450 1244 Si
479 1200 579 1264 pars
609 1180 747 1264 pretii
777 1180 880 1244 duta
909 1200 992 1244 non
1021 1179 1173 1245 fuerit.

338 1287 375 1350 Si
397 1307 476 1371 pars
497 1287 601 1371 pretii
617 1287 700 1351 deta
716 1289 769 1351 est
784 1290 820 1352 et
835 1307 914 1371 pars
930 1287 1106 1371 promissa,
1126 1307 1197 1350 non
1213 1289 1355 1371 propter

231 1377 297 1440 hoo
319 1375 470 1440 vindicio
493 1375 589 1440 facte
611 1378 809 1458 rumpatur;
842 1377 902 1440 sed
926 1376 955 1439 si
978 1379 1089 1440 emtor
1117 1376 1161 1439 ad
1185 1375 1355 1460 placitum

230 1468 368 1548 tempus
402 1485 472 1528 nen
502 1464 672 1528 exibuerit
706 1464 811 1547 pretii
844 1463 1013 1547 reliquam
1045 1464 1254 1548 portionem,
1290 1483 1353 1547 pro

230 1553 335 1637 pretii
349 1545 519 1636 partemb,
543 1572 647 1636 quum
663 1551 777 1629 debet,
802 1551 914 1616 solvet
929 1573 1065 1631 usuras3
1088 1553 1157 1617 nisi
1180 1552 1246 1616 hoo
1261 1551 1353 1617 forte

231 1641 438 1718 convenerit,
463 1643 579 1704 utres
603 1644 697 1705 emto
718 1641 891 1705 venditori
914 1640 1040 1707 debeat
1062 1641 1254 1707 reformari.

327 1827 379 1885 VI.
410 1827 580 1884 FLAVI'US
599 1827 814 1885 GLORIOSUS
832 1828 1143 1886 Reconssvnvnus
1162 1828 1251 1886 REX.
1341 1840 1345 1844 “

374 1941 418 2004 Si
441 1940 563 2005 fraus
586 1941 630 2004 in
653 1941 798 2025 pretio
821 1942 885 2007 rei
907 1943 1087 2007 vendite
1109 1942 1206 2006 fiat.

337 2046 374 2110 Si
401 2047 449 2109 in‘
467 2049 648 2111 contractu
674 2048 877 2112 vinditionis
891 2073 893 2077 ⁷
907 2048 1021 2111 minus
1050 2048 1200 2131 pretium
1230 2049 1352 2112 datum

228 2135 375 2213 fuerim,
407 2138 443 2200 et
472 2156 534 2220 per
562 2135 722 2200 fraudem
751 2140 813 2201 eut
843 2137 948 2202 etiam
976 2140 1098 2201 contra
1124 2136 1352 2201 volumtatem

228 2217 430 2290 vendentisb
451 2224 599 2308 emplius
616 2226 736 2289 datum
752 2226 925 2309 pretiuma
944 2225 1127 2290 nuntietur
1137 2224 1158 2303 ¹,
1182 2228 1351 2309 quantum

230 2313 272 2376 de
301 2313 393 2377 iusto
423 2313 535 2397 pretio
565 2314 768 2378 fraudatum
797 2317 864 2392 est,
895 2317 1035 2378 tantum
1066 2313 1211 2398 duplum
1241 2316 1352 2379 emtor

228 2401 392 2466 restituet
413 2402 621 2465 venditori⁰.

628 2545 696 2628 vn.
725 2547 940 2643 mnoma.

229 2683 273 2747 Si
296 2684 417 2748 dieat
439 2684 552 2767 quis,
576 2704 662 2749 rem
685 2705 803 2749 suam
823 2685 905 2750 vili
924 2687 1071 2770 pretio
1090 2686 1354 2755 vindidisse·.

71 2797 98 2817 =
153 2813 179 2879 ··
201 2795 219 2825 r·
335 2789 547 2854 Vinditienis
562 2791 627 2856 hee
642 2791 755 2856 forma
770 2795 933 2869 servetur,
957 2794 999 2856 ut
1022 2811 1084 2858 seu
1105 2812 1160 2857 res
1181 2785 1348 2875 aliquast,
1421 2869 1423 2874 ,

227 2878 303 2943 velc
322 2881 433 2944 terras
456 2883 536 2944 eeu⁰
557 2880 730 2964 mancipia
744 2880 800 2946 vel
816 2880 996 2964 quodlibet
1019 2880 1220 2946 animalium
1240 2901 1349 2966 genus

227 2967 398 3046 venditur,
429 2989 530 3032 nemo
560 2972 744 3053 propterea
772 2969 973 3034 firmitatem
994 2969 1198 3044 vinditionis
1224 2970 1350 3033 inrum-

227 3058 298 3139 pat,
323 3076 363 3121 eo
387 3057 479 3141 quod
502 3057 606 3136 dieat,
630 3078 703 3123 rem
725 3079 823 3122 suam
846 3058 909 3122 vili
930 3059 1043 3143 pretio
1065 3058 1263 3124 vindidisse.

623 3228 707 3285 vni.
737 3229 951 3300 muroena.

249 3321 310 3406 De
340 3342 423 3420 his,
456 3342 529 3425 qui
559 3341 706 3407 aliena
732 3331 922 3407 vendere
949 3341 1018 3407 vel
1046 3342 1209 3407 donare
1237 3361 1327 3426 pre-

661 3431 909 3496 sumserint.

335 3534 502 3615 Quotiens
528 3538 571 3601 de
593 3538 736 3602 vendita,
756 3536 813 3601 vel
837 3538 966 3601 denote
992 3558 1029 3603 re
1058 3537 1234 3610 eontentio
1262 3557 1349 3601 oom-

227 3628 393 3703 movetur,
428 3626 465 3689 id
495 3628 562 3702 est,
598 3626 627 3689 si
657 3624 806 3690 alienam
836 3625 984 3691 fortasse
1013 3647 1087 3690 rem
1115 3626 1264 3691 vendere
1293 3624 1349 3690 vel

229 3714 355 3777 donare
379 3733 627 3797 quemeumque
651 3714 856 3792 eonstiterit,
885 3714 1023 3778 nullum
1050 3715 1175 3780 emtori
1201 3714 1349 3798 preiudi·

334 3903 360 3944 V.
401 3903 556 3952 odaeum.
611 3903 634 3952 b)
647 3907 713 3954 parte
726 3904 776 3947 122.

333 3956 372 3998 VI.
413 3959 435 4005 ι)
449 3957 558 3996 fuerit-
572 3957 789 4006 pneumatum.
843 3957 866 4006 b)
881 3956 1006 3998 venditoris
1021 3959 1070 4003 ΒΞ,
1124 3961 1145 4007 o)
1160 3957 1241 3999 emtori
1254 3958 1301 4000 131.

333 4009 385 4050 VII.
425 4010 580 4057 ademi.
661 4011 861 4063 unvamma
882 4011 938 4052 ellus
954 4013 1001 4055 Bl.
1082 4011 1276 4063 emnem
1299 4010 1349 4050 sive

227 4065 302 4102 terrae
316 4062 354 4102 vel
367 4062 416 4106 ΒΞ.

333 4116 397 4159 v111.
437 4115 460 4168 s)
473 4117 530 4156 deest
543 4118 592 4160 Re.

228 4256 254 4323 1)
265 4257 360 4323 Lenem
371 4265 488 4326 spwwre
499 4260 537 4310 ad
548 4260 721 4312 venditionem
730 4276 781 4328 per
789 4267 992 4329 procuratorem
1004 4276 1108 4313 seruum
1120 4261 1231 4326 saetam,
1246 4261 1349 4313 monuit

226 4330 258 4384 F.
278 4329 370 4397 Dato,
389 4331 496 4396 ‘Weet9.
509 4330 597 4386 stud!
612 4349 641 4399 p.
656 4333 716 4387 103.
746 4331 787 4396 Cf.
806 4339 894 4384 autem
913 4332 1025 4384 Ratehie
1042 4332 1105 4398 Leo.
1123 4349 1145 4387 e.
1164 4333 1190 4387 8.
