3000 4934
325 399 403 456 LEX
420 399 536 457 VISIG.
554 399 824 456 anocassvmn.
862 400 916 470 m,
936 405 961 470 3,
978 403 1077 460 8-11.
1209 405 1262 460 101

139 584 248 668 igitur
278 584 307 647 si
336 576 504 647 iscienteb
540 582 678 647 domino
707 584 763 647 vel
797 583 939 649 iubente
973 587 1112 668 raptum
1146 584 1261 649 facere

140 673 396 757 presumserint,
421 671 465 735 ad
481 691 618 736 omnem
636 671 783 755 legalem
799 671 1072 738 satisfactionem
1088 692 1262 738 servorum

141 761 299 825 dominus
319 760 443 824 iudicis
458 761 627 824 instantia
643 759 890 844 conpellendus
906 764 968 826 est.
1005 759 1105 839 Quod
1121 762 1150 825 si
1166 765 1263 827 extra

139 849 350 914 volumtate⁰
372 849 503 913 domini
518 849 607 913 servi
621 848 709 912 talia
724 849 1006 932 perpetraverint,
1031 850 1155 914 iudicis
1170 850 1262 914 idem
1304 858 1307 863 '

141 932 338 1002 sententia‘1
372 938 599 1021 conprehensi
629 938 694 1002 hac
725 937 972 1001 decalvationis
1001 938 1148 1003 feditate
1179 938 1262 1001 mu]-

140 1027 220 1104 tati,
263 1026 472 1091 trecentenis
510 1027 652 1109 insuper
690 1025 819 1109 singuli
856 1025 1073 1110 flagellorum
1111 1026 1263 1091 hictibus

139 1114 373 1179 verberentur.
420 1113 488 1179 Ille
510 1117 629 1178 tamen
652 1134 777 1191 servus,
809 1115 888 1197 qui⁰
915 1115 1008 1180 idem
1032 1108 1088 1179 ses
1113 1116 1262 1198 ingenue

141 1203 278 1267 mulieri
301 1223 362 1286 per
377 1203 535 1286 rapinam
551 1202 706 1286 copulari
725 1202 883 1285 quesibit,
908 1203 1024 1286 penali
1047 1204 1261 1269 sentcntiaess

141 1291 343 1356 subiacebit.

218 1478 316 1537 VIIH.
347 1478 516 1536 PLAVIUS
535 1477 750 1534 GLORIOSUS
769 1477 1078 1535 Raoonssvmous
1096 1478 1183 1535 Rax.

188 1592 231 1657 si
270 1612 419 1656 servus
462 1590 713 1656 mulierema
756 1591 966 1656 libertati
1007 1593 1219 1657 traditam

597 1680 808 1764 rapuerit.

250 1787 287 1851 Si
310 1806 427 1851 servus
449 1785 611 1851 libertam
634 1786 788 1870 rapuisse
805 1786 989 1871 detegitur,
1015 1787 1176 1870 quoniam
1194 1807 1265 1850 non

109 1930 115 1943 .
142 1877 211 1940 iam
234 1868 356 1939 uniusb
378 1875 585 1939 conditionis
609 1895 681 1939 esse
704 1878 904 1953 noscuntur,
928 1876 1040 1952 ideo⁰,
1065 1877 1095 1939 si
1116 1875 1266 1940 voluerit

143 1985 204 2048 pro
234 1959 392 2029 servum(l
419 1964 690 2048 conpositionem
721 1963 880 2026 dominus
911 1963 1002 2039 dare,
1035 1967 1096 2027 aut
1126 1967 1265 2027 centum

143 2053 292 2117 soliduse
321 2052 459 2116 mulieri
481 2050 663 2135 persolvat,
691 2054 761 2128 aut,
794 2052 822 2114 si
845 2051 1005 2128 noluerit,
1030 2051 1178 2115 eundem
1201 2071 1265 2116 ser-

142 2163 223 2205 vum
246 2133 377 2225 poenes
404 2139 597 2224 supplicio⁸
621 2139 749 2203 tradat.

365 2327 400 2382 X.
432 2325 600 2383 FLAVIUS
619 2325 934 2384 OHINDASVINDUS
952 2327 1040 2386 REX.

242 2441 285 2505 si
315 2461 464 2505 servus
495 2440 703 2506 ancillam
734 2441 923 2505 alterius
953 2441 1164 2532 rapuerit.

250 2565 286 2629 Si
303 2586 419 2630 servus
436 2565 598 2630 ancillam
613 2565 698 2629 iuris
722 2565 827 2631 alieni
849 2566 1013 2649 rapuerit,
1039 2567 1265 2631 ducentorum

142 2655 358 2739 flagellorum
381 2654 580 2720 verberibus
604 2673 701 2718 cesus
729 2655 794 2719 hac
823 2654 1032 2732 decalvatus,
1064 2655 1107 2719 ab
1139 2654 1266 2719 ancilla

143 2745 256 2821 etiam,
289 2744 318 2807 si
347 2744 506 2808 dominus
537 2743 662 2808 ancille
688 2743 848 2820 voluerit,
880 2743 1007 2825 absque
1038 2744 1143 2808 dubio
1173 2763 1266 2828 sepa·
1383 2742 1385 2747 ’

142 2835 247 2897 retur.

354 2965 407 3024 XI.
441 2964 611 3021 FLAVIUS
630 2965 945 3023 GHINDASVINDUS
963 2965 1052 3023 REX.

143 3080 202 3144 De
233 3077 618 3142 sollicitatoribus
648 3076 849 3141 filiarum
879 3081 923 3143 et
951 3099 1131 3142 uxorum
1161 3078 1265 3142 alie·

143 3187 292 3229 narum
329 3164 398 3230 vel
439 3165 571 3229 etiam
611 3165 840 3229 viduarum
886 3185 932 3230 ac
976 3166 1025 3230 de
1068 3166 1149 3242 his,
1194 3167 1267 3249 qui

143 3252 335 3337 puellam
370 3255 445 3316 aut
474 3253 648 3317 viduam
681 3253 914 3336 ingenuam
949 3253 1109 3337 absque
1143 3255 1265 3338 regio

176 3343 298 3405 iussu
319 3341 543 3406 violenter
566 3341 667 3406 dare
691 3341 848 3406 marito
872 3342 1231 3426 presumserintr.

250 3464 369 3543 Omne,
401 3465 493 3548 quod
506 3457 761 3530 'inhonestateb
788 3465 862 3530 vita
884 3466 1113 3543 conmaculat,
1143 3466 1265 3551 legalis

142 3575 279 3621 necesse
310 3558 362 3619 est
392 3558 433 3618 ut
463 3574 607 3619 censura
637 3556 803 3620 coerceat.
854 3555 991 3620 Idcirco
1023 3554 1266 3620 sollicitatores

143 3643 326 3709 adulterii⁰
353 3663 500 3709 uxorum
528 3642 584 3708 vel
614 3642 765 3707 filiarum
795 3642 986 3708 alienarum
1016 3643 1128 3727 adque
1150 3645 1265 3709 vidua·

108 3788 115 3801 .
142 3755 229 3809 rum,
253 3733 324 3797 sive
348 3752 409 3816 per
431 3733 622 3816 ingenuum
645 3726 728 3796 aut(l
753 3732 949 3816 ingenuam,
974 3751 1036 3797 seu
1054 3752 1115 3816 per
1129 3752 1265 3797 servum

143 3825 204 3886 aut
234 3820 396 3886 ancillam
427 3821 538 3904 adque
569 3821 674 3885 etiam
704 3819 868 3885 libertum
898 3823 960 3885 aut
984 3819 1155 3899 libertam,
1187 3843 1265 3886 mox

141 3910 335 3974 manifestis
364 3910 502 3973 indiciis
530 3908 656 3974 talium
686 3909 854 3975 scelerum
883 3910 1048 3974 mandata
1071 3910 1265 3976 deferentes

249 4118 272 4165 b)
287 4117 374 4159 rotante
387 4116 434 4159 31.
494 4119 515 4165 c)
529 4116 669 4157 voluntatem
682 4116 729 4158 31.
790 4114 813 4166 d)
828 4117 966 4158 secundun
979 4118 1026 4162 31.
1085 4121 1107 4167 e)
1120 4114 1265 4168 quidompro

143 4183 164 4220 q,
179 4172 193 4214 l.
207 4172 282 4214 R1.2.
336 4170 427 4219 odom
439 4169 487 4212 31.
540 4173 563 4219 g)
576 4169 692 4210 sententis
706 4170 753 4212 31.

249 4224 323 4267 VIIIL
371 4225 394 4271 ι)
408 4223 498 4263 mulleri
511 4223 558 4267 31.
632 4223 655 4271 1))
670 4222 737 4263 huius
750 4223 797 4266 31.
872 4227 893 4273 e)
907 4224 964 4264 mm
978 4223 1024 4267 31.
1099 4220 1123 4273 d)
1137 4233 1204 4264 servo
1219 4223 1266 4268 132.

143 4281 164 4326 s)
178 4274 261 4318 solidos
276 4277 322 4322 31.
376 4277 468 4327 opens
482 4276 530 4320 32.
582 4278 605 4325 g)
618 4275 731 4326 ruppllclu
745 4276 792 4320 31.

249 4330 287 4373 XL
327 4332 350 4377 ι)
368 4329 516 4380 presumserit
533 4329 579 4372 31.
660 4329 683 4379 1))
702 4329 844 4371 honeratam
862 4330 911 4371 vlt·
929 4329 983 4381 31;
1009 4330 1150 4371 ὴοηοιιιιοιιι
1164 4330 1226 4370 vitto
1240 4329 1265 4374 3.

143 4386 163 4431 o)
177 4380 300 4424 animaru
313 4383 360 4427 31.
415 4380 438 4432 d)
452 4382 490 4424 vol
504 4382 552 4425 31.
