3000 4934
230 394 284 449 164
383 389 462 445 LEX
479 388 594 446 VISIG.
613 387 883 445 REOGESSVIND.
920 388 956 456 V,
975 390 1061 458 5,10;
1085 391 1109 458 6,
1129 393 1152 445 1.
1171 393 1197 446 2.

230 572 365 657 legibus
389 573 626 648 constitutum,
651 570 714 648 illi,
739 571 799 654 qui
818 571 983 636 maiorem
1006 573 1141 655 partem
1165 573 1208 636 de
1231 574 1354 638 eodem

229 663 438 726 testamento
463 663 516 725 est
539 663 796 736 consecuturus,
824 660 993 724 reddatur
1020 660 1151 725 heredi.
1199 659 1353 741 Quodsi

230 749 291 814 alii
319 750 496 814 redditum
525 749 633 814 fuerit
661 747 718 812 vel
748 749 943 812 adversario
974 748 1047 812 eius
1076 749 1261 828 traditum,
1293 752 1353 834 qui

229 838 414 902 tradiderit
445 836 587 921 duplam
616 836 918 920 compositionem⁰
949 837 1122 915 restituat,
1154 858 1258 921 quam
1287 839 1351 916 illi,

231 928 288 990 cui
321 925 565 990 fraudulentus
602 925 723 1002 fuerit,
763 925 893 990 inferre
926 924 1094 990 voluerat.
1152 926 1237 990 Illas
1271 947 1353 992 vero

231 1015 428 1099 scripturas,
460 1034 525 1098 que
549 1013 653 1077 simul
674 1013 768 1077 tradi
790 1012 948 1098 partibus
976 1014 1114 1091 debent,
1143 1015 1173 1078 si
1196 1035 1353 1080 conmen-

231 1104 330 1166 datas
355 1103 561 1187 quicumque
585 1102 782 1186 susceperit,
811 1102 848 1166 id
871 1105 939 1167 est:
963 1105 1183 1180 testamenta,
1212 1104 1351 1182 iudicia,

230 1195 341 1276 pacta,
374 1191 577 1256 donationes
607 1190 663 1255 vel
693 1193 808 1254 cetera
836 1189 932 1268 talia,
966 1190 995 1255 si
1024 1190 1126 1256 alteri
1156 1191 1266 1256 altero
1297 1192 1353 1258 ab·

231 1283 328 1344 sente
354 1280 549 1356 tradiderit,
580 1278 650 1356 ille,
682 1279 741 1362 qui
772 1279 924 1357 dederat,
954 1282 1092 1344 revocet
1122 1281 1214 1362 quod
1245 1281 1351 1358 dedit,

231 1371 267 1433 et
289 1368 458 1445 omnibus,
483 1362 628 1452 quibusd
653 1367 691 1430 in
715 1387 895 1431 commune
919 1367 1145 1446 debebatur0‚
1168 1369 1353 1434 restituere

230 1477 301 1521 non
324 1460 488 1522 moretur.

286 1720 348 1786 VI.
365 1719 579 1785 TITULUS:
611 1719 674 1783 DE
698 1717 987 1784 PIGNERIBUS
1010 1719 1068 1783 ΕΤ
1091 1719 1292 1786 DEBITIS.

325 1845 355 1908 I.
390 1844 444 1909 De
466 1864 538 1908 non
560 1843 785 1929 pignerando.

304 1933 355 1996 11.
390 1932 444 1998 De
467 1933 609 2017 pignere
633 1933 789 2016 deposito
813 1934 849 1997 et
871 1933 998 1996 furato.

284 2022 355 2085 III.
391 2021 444 2086 De
467 2022 619 2106 pignere,
644 2021 674 2085 si
696 2040 757 2105 pro
781 2020 900 2085 debito
924 2021 1127 2105 deponatur.

264 2111 355 2175 IIII.
391 2109 449 2174 Si⁸
468 2110 594 2194 pignus
615 2102 873 2195 representatob
898 2109 1016 2174 debito
1037 2113 1129 2174 n0n⁰
1149 2110 1352 2175 reddatur⁰.

313 2198 354 2264 V.
390 2199 521 2262 Sinna
544 2218 689 2324 persona
711 2201 812 2263 reatu
833 2197 890 2262 vel
914 2197 1032 2262 debito
1055 2197 1175 2263 multis
1189 2202 1353 2264 teneatur

293 2374 354 2440 VI.
391 2286 550 2453 giirliaiixtlgr
565 2332 743 2439 ’defuncti
782 2374 938 2439 debitum
977 2379 1038 2439 aut
1073 2375 1238 2441 violentia
1274 2380 1355 2460 post

391 2464 537 2527 mortem
560 2463 669 2547 possit
691 2462 829 2545 inquiri.

343 2632 367 2690 I.
397 2631 567 2688 FLAVIUS
586 2631 802 2689 GLORIOSUS
818 2632 1130 2690 REGOESSVINDUS
1148 2633 1237 2694 REX.

552 2744 612 2810 De
634 2766 718 2810 non
741 2747 1025 2830 pignerando.

338 2850 570 2936 Pignerandi¹
598 2851 775 2917 licentiam
809 2852 871 2915 in⁸
904 2852 1065 2917 omnibus
1095 2853 1352 2932 submovemus;

232 2939 386 3024 alioquin
413 2941 540 3004 sinon
562 2943 744 3025 acceptum
773 2941 900 3025 pignus
929 2942 1152 3024 presumserit
1181 2942 1354 3026 ingenuus

232 3030 274 3093 de
303 3029 379 3094 inre
409 3021 576 3094 alteriusb
610 3048 791 3113 usurpare,
828 3028 974 3113 duplum
1008 3033 1153 3113 cogatur
1185 3030 1353 3095 exolvere.

231 3117 358 3182 Servus
385 3120 503 3182 autem
531 3117 694 3201 simplum
721 3116 886 3182 restituat
909 3120 945 3182 et
968 3129 990 3184 0
1011 3117 1152 3202 flagella
1178 3119 1353 3203 suscipiet.

649 3287 689 3346 11.
720 3287 935 3359 ANTIQUAa

406 3400 466 3466 De
496 3401 679 3485 pignere
710 3401 912 3485 deposito
943 3404 985 3465 et
1014 3401 1176 3466 furato.

339 3507 376 3571 si
399 3507 474 3590 quis
497 3507 623 3591 pignus
647 3505 749 3571 alteri
772 3506 970 3590 deposuerit
997 3526 1060 3591 pro
1084 3507 1199 3592 aliquo
1224 3507 1351 3585 debito,

230 3595 493 3748 ppnplalplpripse,
525 3595 586 3678 qui
615 3595 828 3679 deposuerit,
858 3595 996 3659 furatus
1025 3596 1148 3675 fuerit,
1180 3615 1244 3681 pro
1274 3596 1353 3660 fure

339 3856 360 3903 c)
375 3854 574 3904 conpensationem
587 3854 635 3900 121.
689 3851 714 3902 d)
727 3855 784 3894 deut
797 3854 845 3898 121.
898 3856 920 3905 c>
933 3852 1060 3897 debeantur
1073 3857 1095 3896 R
1103 3856 1123 3902 2,

338 3908 396 3953 TIT.
405 3908 444 3951 VI.
478 3910 500 3956 n)
514 3908 549 3949 De
563 3908 610 3952 Bl.
657 3906 681 3957 b)
694 3911 826 3958 presentato
839 3907 889 3952 Bt.
937 3910 958 3959 c)
971 3909 1089 3954 amem.
1135 3906 1159 3960 d)
1173 3909 1284 3950 obnoxius
1298 3909 1351 3960 1123

232 3961 357 4057 ammi
397 4014 551 4062 cremar
605 4013 721 4063 mnam
735 4013 783 4059 rr.

338 4067 369 4111 ΙΙ.
409 4070 433 4118 ι)
446 4069 503 4108 decet
516 4067 565 4111 Bt.

233 4208 262 4277 1)
271 4210 340 4262 Ante
352 4209 421 4262 ham
434 4209 514 4276 legem
523 4210 658 4278 permissu
670 4209 769 4261 iudicis
776 4210 923 4277 picturare
935 4209 1039 4264 lauisse
1050 4211 1153 4263 monuit
1166 4210 1204 4267 H.
1213 4210 1352 4275 Brunner,

234 4279 280 4336 ‘D.
292 4281 363 4335 Rc!
375 4281 415 4348 ΙΙ,
432 4299 461 4349 p.
473 4283 534 4346 446,
554 4297 582 4335 n.
596 4283 630 4344 9,·
648 4281 683 4345 cf.
702 4297 788 4348 supra
799 4280 839 4348 ΙΙ,
852 4283 879 4347 2,
891 4282 916 4348 7,
933 4298 962 4348 p·
976 4282 1019 4348 63,
1040 4280 1057 4336 l.
1070 4283 1106 4336 24
1117 4297 1172 4349 sqq.
1179 4299 1190 4345 ,⁰
1209 4281 1242 4334 L.
1256 4282 1354 4335 Baiuo.

234 4353 277 4420 13,
297 4354 321 4408 1.
340 4353 374 4416 3,·
392 4352 458 4408 Oozl.
477 4353 531 4406 tur.
550 4351 731 4407 Rom-Goth.
749 4353 829 4408 cl2.
846 4353 880 4407 13
898 4352 1076 4420 (cauam).
