3000 4934
368 364 447 420 LEX
464 365 579 422 VISIG.
599 364 869 422 REOOESSVIND.
905 366 942 436 V,
962 369 986 434 6,
1006 371 1036 436 63
1056 370 1080 425 7.
1235 372 1287 425 167

163 547 331 612 obnoxius
358 542 428 612 sicf
455 548 499 612 ab
523 550 589 614 hac
611 549 689 614 luce
714 549 917 627 discesserit,
946 553 988 613 ut
1016 550 1058 615 de
1086 551 1157 614 suis
1184 551 1287 615 rebus

162 636 252 699 nihil
276 636 434 701 videatur
458 637 678 721 aliquatenus
702 638 886 715 ordinasse,
915 639 1099 723 propinqui
1124 639 1206 716 eius,
1231 639 1287 704 vel

163 726 223 808 qui
252 725 459 790 facultatem
487 726 595 810 ipsius
626 727 776 791 adierint
804 730 866 791 ant
889 728 1114 811 possederint,
1145 729 1287 812 petitori

164 814 206 877 de
234 833 270 877 re
293 813 350 878 vel
374 834 523 891 causam,
554 835 657 899 quam
686 816 824 900 repetit,
856 817 1002 898 cogendi
1031 819 1114 880 sunt
1143 817 1286 881 reddere

162 903 347 980 rationem,
379 904 503 981 itaut,
535 905 564 968 si
592 903 664 981 ille,
695 905 755 987 qui
782 904 918 969 debitor
948 907 1010 968 aut
1039 906 1286 989 presumtiosus

163 990 291 1054 dicitur
315 992 479 1069 extitisse,
508 992 599 1056 nihil
621 1012 736 1057 rerum
760 1013 899 1057 suarum
922 994 1071 1058 moriens
1096 994 1287 1057 dinoscitur

162 1079 350 1162 reliquisse,
376 1080 419 1144 ab
436 1081 530 1145 omni
546 1080 720 1145 calumnia
737 1082 927 1165 repetentis
951 1082 1024 1146 eius
1048 1082 1112 1145 filii
1135 1081 1190 1146 vel
1213 1103 1287 1165 pro-

121 1224 123 1228 .
163 1169 285 1251 pinqui
308 1167 503 1233 habeantur
525 1169 696 1233 inmunes.
742 1168 805 1233 Sin
828 1172 945 1234 autem
968 1170 1208 1253 quodcumque
1233 1171 1287 1234 de·

162 1256 306 1319 functus
329 1256 488 1340 reliquid,
514 1260 549 1321 et
572 1257 683 1320 maius
706 1261 768 1334 est,
793 1258 887 1341 quod
909 1258 1050 1342 petitur,
1076 1279 1180 1341 quam
1195 1260 1287 1341 quod

162 1343 393 1428 relinquissei
418 1345 565 1422 videtur,
597 1346 626 1408 si
649 1345 713 1408 filii
737 1346 810 1409 eius
834 1349 895 1410 aut
919 1347 1111 1430 propinqui,
1142 1350 1204 1410 aut
1227 1347 1287 1429 qui

165 1433 237 1496 eius
260 1433 439 1517 possident
461 1434 562 1511 bona,
586 1434 763 1499 noluerint
786 1455 849 1518 pro
871 1427 1034 1499 reatumh
1057 1435 1130 1499 eius
1153 1435 1209 1499 vel
1233 1436 1288 1499 de-

165 1520 238 1585 bito
268 1520 476 1600 satisfacere,
509 1523 552 1587 de
579 1521 683 1587 rebus
707 1543 727 1586 a
751 1522 917 1587 defuncto
946 1524 1093 1588 dimissis
1120 1544 1191 1588 non
1219 1544 1287 1588 mo-

163 1612 284 1674 rentur
306 1611 442 1694 petenti
463 1611 579 1675 facere
603 1609 792 1676 cessionem
803 1609 824 1672 ¹.

162 1873 244 1938 VII.
261 1874 475 1939 TITULUS:
510 1875 573 1939 DE
603 1874 946 1940 LIBERTATIBUS
974 1876 1033 1939 ET
1060 1827 1285 1940 LIBERTIS.

312 2016 341 2080 I.
377 2017 414 2081 si
429 2018 604 2101 mancipia
623 2017 693 2082 sive
712 2036 774 2101 per
789 2017 996 2102 scripturam
1012 2037 1073 2082 seu
1087 2037 1149 2102 per
1160 2020 1288 2082 testem

376 2105 710 2170 manumittanturi.

290 2192 340 2256 II.
377 2193 414 2257 si
436 2187 610 2257 alienumb
630 2213 766 2258 servum
781 2193 836 2258 vel
853 2186 1054 2259 communeb
1074 2193 1286 2278 mancipium

376 2282 656 2346 manumittatur.

270 2369 339 2432 III.
377 2369 429 2434 De
453 2370 517 2447 his,
542 2371 602 2453 qui
625 2390 661 2435 se
684 2370 810 2435 liberos
834 2370 1125 2456 proclamaverint
1148 2390 1231 2435 esse.

249 2458 340 2521 IIII.
377 2458 414 2522 si
437 2461 482 2524 ad
505 2459 685 2524 servitium
706 2457 884 2543 repetatur
907 2460 968 2543 qui
990 2459 1027 2523 in
1047 2459 1210 2525 libertate
1234 2464 1286 2524 est

377 2548 598 2612 constitutus.

298 2635 338 2701 V.
375 2636 412 2700 Si
428 2637 470 2714 ei,
496 2637 555 2720 qui
573 2636 618 2700 ad
634 2637 820 2702 servitute⁰
840 2639 1049 2721 repetendus
1066 2641 1128 2715 est,
1153 2637 1286 2721 aliquid

376 2725 567 2790 auferatur.

277 2812 339 2878 VI.
375 2813 411 2877 si
435 2833 524 2891 eum,
550 2834 652 2896 quem
669 2814 793 2898 aliquis
816 2834 931 2879 coram
946 2809 1118 2880 iudicemi
1136 2814 1285 2879 liberum

376 2921 449 2966 esse
465 2902 600 2979 dixerit,
625 2906 746 2987 postea
768 2903 806 2966 in
824 2904 963 2968 servitio
978 2907 1134 2987 repetere
1150 2903 1284 2968 veliit0.

257 2988 340 3053 VH.
376 2989 414 3053 si
435 2990 560 3055 timore
584 2990 769 3075 conpulsus
793 2992 974 3075 quisquam
993 3011 1130 3056 servum
1153 3011 1188 3055 se
1212 3009 1285 3056 esse

376 3078 480 3142 dicat.

235 3163 339 3229 VIII.
375 3164 412 3229 si
435 3166 607 3248 ingenuus
631 3165 676 3230 ad
694 3167 874 3232 servitium
887 3170 1076 3251 repetatur,
1097 3166 1152 3232 vel
1168 3186 1285 3232 servus

375 3272 411 3318 se
434 3252 584 3318 liberum
606 3273 679 3319 esse
703 3255 807 3319 dicat.

214 3339 338 3404 VHII.
375 3339 489 3420 Quare
514 3342 597 3407 data
619 3342 761 3408 libertas
786 3343 910 3408 debeat
933 3344 1097 3409 revocari.

294 3430 339 3493 X.
374 3430 412 3494 Si
434 3430 580 3496 libertus
603 3431 767 3496 iniuriam
788 3432 898 3498 faciat
919 3433 1171 3498 manumissori.

273 3518 338 3583 XI.
373 3519 427 3584 Ne
456 3524 578 3584 contra
604 3524 790 3605 patronum
813 3521 869 3587 vel
892 3522 982 3586 filios
1009 3521 1082 3586 eius
1104 3522 1285 3587 testificari

374 3609 527 3673 audeant
549 3603 786 3674 manumissis.

253 3696 338 3760 XII.
373 3696 428 3762 Ne
450 3698 640 3763 testificent
663 3699 876 3764 manumissi.

233 3784 339 3848 XIII.
374 3785 428 3850 De
451 3787 554 3852 rebus
576 3787 789 3865 manumissi,
814 3787 843 3852 si
867 3788 995 3872 absque
1019 3787 1184 3872 legitimis
1203 3787 1283 3852 filiis

373 3875 550 3939 moriatur.

266 4062 326 4109 {isli
344 4062 430 4105 eiiii.
483 4066 507 4113 g)
521 4064 702 4113 reliquissem.
757 4066 781 4114 h)
795 4069 861 4105 reatu
874 4066 923 4109 ΒΞ.

265 4115 323 4159 TIT.
333 4116 385 4158 VII.
425 4118 448 4164 a)
461 4117 518 4160 dccet
531 4118 579 4161 131.
633 4118 758 4168 malichus
772 4129 852 4160 servus
866 4119 904 4159 vel
918 4129 1058 4159 communem
1071 4119 1120 4163 iii.
1177 4122 1198 4169 c)
1211 4119 1284 4160 servi-

159 4173 231 4209 tuiem
244 4168 294 4212 Bi.
350 4166 374 4218 d)
388 4167 463 4209 iudice
476 4170 526 4214 aa.
580 4174 602 4221 e)
615 4171 734 4215 veiitiii.
789 4169 906 4222 naudeai
919 4174 1068 4214 manumissus
1082 4173 1132 4218 Bi.

160 4327 186 4394 1)
204 4328 245 4393 Cf.
264 4329 298 4384 L.
317 4329 404 4396 Bury.
423 4330 466 4396 65,
487 4333 502 4394 ἓ
520 4333 544 4386 1.
564 4332 595 4393 2,-
618 4332 697 4396 infra
713 4331 776 4399 VII,
796 4333 822 4398 2,
837 4333 879 4388 19.
