3000 4934
247 368 298 422 140
431 362 510 418 Lux
528 360 643 418 VISIG.
661 361 944 421 RECOESSVIND..
967 362 1037 432 1111,
1056 366 1082 431 ὃ,
1101 367 1177 420 1-3.

247 550 308 611 aut
331 546 417 622 avia,
448 549 547 629 pater
569 544 625 609 vel
648 548 760 609 mater
781 544 964 621 voluerint,
988 544 1191 629 repellendi.
1237 545 1368 609 Tamen

247 636 289 711 si,
318 635 557 718 resipiscentes
585 654 606 698 a
629 654 690 697 suo
719 653 872 709 excessu,
900 633 1036 698 veniam
1064 654 1084 696 a
1114 635 1366 719 suprascriptis,
1407 687 1411 697 .

247 723 370 806 quibus
394 723 621 798 offenderant,
650 720 909 805 inploraverint,
939 740 1064 804 eosque
1087 722 1124 785 in
1147 722 1296 805 gratiam
1319 743 1367 787 re·

247 812 401 895 ceperint
431 815 575 895 paterna
605 810 735 893 pietate
765 814 827 873 aut
855 831 970 874 rerum
993 831 1133 873 suarum
1156 830 1367 876 successores

246 899 471 974 instituerint,
502 918 614 981 neque
642 898 791 982 proiberi
814 898 857 962 ab
882 918 1001 962 eorum
1024 898 1227 975 hereditate,
1256 919 1367 981 neque

247 992 386 1072 propter
414 987 641 1071 disciplinam,
672 1007 741 1068 qua
768 987 917 1070 correpti
944 990 1035 1065 sunt,
1066 987 1246 1051 infamiam
1274 991 1367 1071 pote-

246 1078 317 1139 rint
340 1075 517 1139 ullatenus
541 1075 720 1139 sustinere.

453 1227 492 1284 H.
522 1227 691 1283 FLAVIUS
712 1225 1026 1283 OHINDASVINDUS
1044 1226 1161 1285 REX&

247 1341 307 1404 De
330 1343 464 1423 quota
486 1344 612 1424 parte
636 1340 773 1404 liceat
802 1338 1065 1404 mulieribus
1092 1340 1293 1404 iudicare
1318 1342 1367 1404 de

648 1428 828 1492 dotibus
858 1428 958 1490 suis.

354 1533 463 1612 Quial
486 1533 656 1610 mulieres,
681 1533 806 1616 quibus
821 1534 953 1596 dudum
969 1553 1167 1598 concessum
1189 1534 1306 1598 fuerat
1325 1535 1368 1598 de

248 1623 317 1686 suis
341 1622 479 1686 dotibus
502 1622 656 1686 iudicare
672 1623 764 1704 quod
779 1621 978 1699 voluissent,
1003 1622 1152 1704 quedam
1171 1623 1367 1706 repperiun-

246 1716 305 1774 tur
328 1703 476 1795 spretisb
503 1711 584 1773 filiis
607 1709 663 1774 vel
685 1710 870 1793 nepotibus
901 1710 1038 1774 easdem
1066 1711 1163 1773 dotes
1193 1711 1264 1774 illis
1292 1732 1367 1775 oon-

246 1801 346 1875 ferre,
373 1803 471 1862 ouma
495 1798 620 1881 quibus
644 1799 839 1862 constiterit
861 1799 1020 1880 nequiter
1043 1819 1100 1863 eas
1123 1799 1256 1875 vixisse,
1281 1800 1368 1863 adeo

246 1908 384 1952 necesse
413 1891 465 1951 est
494 1886 573 1951 illos
602 1887 724 1951 exinde
754 1887 930 1971 percipere
954 1888 1181 1964 commodum,
1212 1908 1274 1971 pro
1298 1888 1368 1970 qui-

247 1976 311 2040 bus
335 1976 490 2040 creandis
513 1977 629 2040 fuerat
652 1976 851 2039 adsumtum
866 1975 1074 2058 coniugium.
1110 1975 1268 2058 Denique
1292 1997 1368 2040 con-

247 2065 431 2128 stituentes
462 2065 687 2142 decernimus,
722 2068 763 2126 ut
794 2065 837 2128 de
867 2065 949 2127 dote
978 2084 1041 2127 sua
1070 2063 1203 2141 mulier,
1235 2064 1367 2128 habens

246 2154 336 2216 filios
374 2156 435 2217 aut
473 2157 629 2237 nepotes,
673 2172 734 2217 seu
773 2173 876 2217 causa
914 2153 1081 2216 mercedis
1120 2152 1273 2217 ecclesiis
1310 2152 1367 2217 vel

246 2241 380 2305 libertis
409 2243 575 2319 conferre,
606 2241 676 2305 sive
705 2242 908 2323 cuicumque
930 2240 1090 2318 voluerit,
1120 2262 1191 2304 non
1219 2242 1367 2325 amplius

246 2349 350 2411 quam
380 2329 422 2392 de
452 2333 576 2411 quarta
605 2333 703 2412 parte
733 2332 942 2413 potestatem
972 2329 1125 2393 habebit.
1176 2329 1268 2393 Nam
1297 2331 1367 2393 tres

247 2421 362 2501 partes
392 2416 556 2499 legitimis
586 2416 667 2479 filiis
697 2420 759 2479 aut
788 2417 982 2501 nepotibus,
1013 2437 1074 2481 seu
1104 2419 1150 2481 sit
1179 2438 1268 2480 unus
1297 2419 1368 2482 sive

246 2505 404 2568 forsitam
427 2505 553 2588 plures,
578 2505 706 2587 absque
730 2505 835 2569 dubio
858 2505 1024 2569 relictura
1046 2509 1108 2570 est.
1156 2507 1209 2571 De
1231 2510 1363 2571 totam⁰

246 2593 388 2657 interim·
425 2594 505 2658 dote
542 2596 628 2657 tunc
665 2593 781 2657 facere
820 2594 912 2676 quod
945 2593 1095 2659 voluerit
1131 2595 1197 2659 erit
1231 2594 1369 2658 mulieri

246 2684 408 2765 potestas,
439 2682 576 2764 quando
603 2681 739 2744 nullum
770 2681 965 2766 legitimum
988 2682 1098 2746 filium
1122 2682 1280 2761 filiamve,
1312 2704 1367 2748 ne·

245 2773 362 2853 potem
396 2769 452 2834 vel
485 2774 623 2854 neptem
659 2773 851 2854 suprestem
885 2771 1074 2854 reliquerit.
1120 2771 1367 2836 Verumtamen

245 2858 384 2934 femine,
409 2879 493 2942 quas
518 2859 703 2943 contigerit
726 2860 859 2924 duobus
875 2860 957 2923 viris
981 2862 1042 2923 aut
1065 2860 1213 2945 amplius
1235 2860 1366 2925 nubere

246 2949 349 3029 atque
374 2967 415 3012 ex
438 2948 486 3012 eis
510 2947 599 3011 filios
622 2967 810 3032 procreare,
835 2970 905 3011 non
929 2948 977 3012 eis
1001 2947 1138 3013 licitum
1160 2950 1226 3014 erit
1250 2949 1366 3013 dotem

245 3036 289 3099 ab
313 3034 381 3098 alio
405 3037 529 3100 marito
553 3039 732 3120 acceptam
747 3036 827 3100 filiis
851 3039 913 3100 aut
935 3037 1120 3120 nepotibus
1144 3058 1185 3102 ex
1208 3036 1277 3101 alio
1292 3037 1366 3101 viro

245 3124 371 3206 genitis
403 3125 501 3203 dare;
532 3126 592 3189 sed
621 3125 856 3208 unusquisque
886 3124 978 3189 filius
1008 3125 1136 3203 filiave,
1167 3146 1274 3209 nepos
1305 3130 1366 3189 aut

244 3213 358 3296 neptis
389 3234 430 3278 ex
455 3209 543 3277 illal
576 3213 669 3278 linea
698 3213 870 3298 procreati
900 3213 1026 3290 dotem,
1057 3234 1158 3297 quam
1190 3234 1274 3279 arus
1304 3218 1365 3278 aut

244 3305 344 3384 pater
360 3307 498 3366 eoruma
518 3306 742 3380 concesserat,
761 3305 839 3387 post
854 3301 1008 3366 mulieris
1023 3302 1159 3366 obitum
1174 3323 1235 3387 per
1250 3303 1366 3366 omnia

244 3391 397 3453 secuturi
420 3395 511 3454 sunt.

456 3543 513 3600 m.
542 3543 711 3599 FLAVIUS
730 3541 1044 3599 OHINDASVINDUS
1062 3542 1150 3600 REX.

244 3654 304 3718 De
334 3655 418 3732 his,
449 3675 529 3737 que
560 3659 765 3806 parentdes
792 3658 988 3806 tepnpore
1015 3656 1271 3741 nuptiarum
1299 3658 1363 3722 de-

740 3763 833 3807 errn
888 3790 895 3806 .

351 3847 549 3932 Quidquid²
575 3849 763 3915 indiscreta
789 3853 972 3933 parentum
994 3850 1187 3916 volumtate
1215 3852 1363 3917 decerni·

242 3941 309 4013 tur,
334 3936 439 4021 legali
462 3958 600 4002 necesse
623 3941 677 4003 est
700 3958 844 4003 censura
859 3943 1067 4005 coerceatur.
1113 3940 1258 4017 Idcirco,
1282 3941 1364 4023 quia

349 4092 379 4134 ΙΙ.
406 4094 429 4140 a)
442 4093 499 4132 deest
512 4094 559 4137 Rl.
606 4094 629 4142 b)
638 4095 809 4144 supresteslil.
850 4095 871 4143 c)
885 4091 1175 4139 wuinuumdotemas.
1221 4091 1245 4142 d)
1258 4094 1363 4144 ipsam.

349 4145 391 4188 ΠΙ.
431 4147 454 4193 a)
468 4143 618 4190 dedantur.

243 4251 269 4318 1)
288 4251 329 4317 Of.
349 4252 502 4319 Schroodcr,
518 4253 618 4308 ‘casca
632 4255 658 4308 d.
671 4253 735 4309 abel.
751 4254 906 4319 Geumi,
924 4271 952 4322 p.
967 4255 1069 4320 1538ᾳ.
1123 4253 1152 4321 2)
1164 4254 1206 4318 Cf.
1219 4254 1364 4306 Sctrosdcr

243 4323 260 4374 l.
279 4339 299 4378 o.
317 4341 345 4392 p.
360 4326 412 4379 124
423 4340 476 4391 sq.,·
496 4324 588 4391 Dabn,
609 4326 717 4391 (Μαίᾳ.
736 4325 824 4381 srud!
839 4343 869 4393 p.
883 4327 942 4380 124.
