3000 4934
372 395 451 452 Lux
468 394 584 454 VISIG.
602 393 872 452 naocnssvmn.
908 394 945 463 V,
963 397 1081 464 3,1-3.
1238 399 1290 452 149

81 602 89 613 ·
165 583 250 644 nata
271 581 507 664 permaneant.
554 577 591 642 si
606 598 686 643 vero
703 577 810 642 alium
825 577 891 643 sibi
907 581 1093 662 patronum
1107 577 1287 662 helegerit,

165 667 294 733 habeat
322 666 509 745 licentiam,
539 667 596 731 cui
618 686 654 732 se
676 666 827 731 voluerit
850 666 1094 744 conmendare3
1126 666 1288 750 quoniam

163 758 316 839 ingenuo
340 756 472 819 homini
494 776 565 820 non
587 758 703 840 potest
726 755 886 840 proiberi,
917 756 1018 838 quia⁰
1045 755 1084 817 in
1111 775 1174 819 sua
1196 757 1288 839 pote·

165 847 255 910 state
286 845 459 920 consistit;
495 845 556 909 sed
587 845 712 909 reddat
741 844 857 908 omnia
885 837 1067 926 parronod,
1101 864 1204 927 quem
1234 844 1288 908 de·

165 933 312 999 seruit0.
369 932 499 997 Similis
530 936 565 997 et
596 933 686 998 circa
715 931 806 996 filios
834 932 973 1015 patroni
999 930 1054 996 vel
1084 931 1173 996 filios
1204 933 1286 1008 eius,

162 1022 224 1105 qui
247 1021 284 1086 in
306 1021 499 1106 patrocinio
522 1020 601 1099 fuit,
632 1020 746 1085 forma
768 1023 939 1085 servetur:
970 1024 1020 1096 ut,
1052 1020 1081 1084 si
1107 1023 1181 1084 tam
1204 1021 1286 1104 ipse,

163 1111 223 1194 qui
246 1110 284 1173 in
307 1109 499 1194 patrocinio
522 1109 602 1187 fuit,
633 1130 737 1193 quam
766 1108 830 1172 filii
861 1108 934 1173 eius
961 1108 1042 1172 filiis
1069 1109 1209 1192 patroni
1232 1108 1288 1174 ob-

162 1199 261 1281 sequi
290 1197 477 1276 voluerint,
514 1198 643 1262 donata
677 1190 910 1280 possideantf.
968 1197 1005 1260 Si
1034 1216 1115 1261 vero
1148 1197 1287 1280 patroni

164 1287 253 1351 filios
276 1285 332 1351 vel
354 1289 498 1371 nepotes
528 1286 611 1369 ipsis
638 1284 838 1350 nolentibus
861 1285 1073 1350 crediderint
1095 1284 1287 1368 relinquen-

163 1376 235 1452 dos,
259 1375 409 1439 reddant
431 1375 600 1452 universa,
625 1393 692 1457 que
707 1373 937 1458 parentibust
955 1393 1075 1438 eorum
1097 1394 1118 1437 a
1140 1376 1287 1457 patrono

163 1464 293 1527 donata
316 1465 408 1527 sunt.
446 1460 661 1546 Quicumque
677 1465 795 1526 autem
814 1462 852 1525 in
867 1461 1060 1546 patrocinio
1076 1462 1287 1527 constitutus

162 1551 227 1617 sub
250 1554 397 1636 patrono
421 1550 552 1635 aliquid
575 1551 787 1635 adquisierit,
812 1550 979 1616 medietas
1003 1571 1045 1616 ex
1068 1551 1227 1615 omnibus
1246 1552 1287 1615 .in

162 1641 301 1724 patroni
327 1639 384 1705 vel
411 1639 562 1704 filiorum
589 1640 662 1704 eius
689 1641 863 1724 potestate
893 1639 1076 1717 consistat;
1108 1639 1178 1704 alia
1204 1659 1285 1705 vero

161 1728 386 1794 medietatem
412 1728 505 1793 idem
528 1727 768 1806 buccellarius,
799 1728 859 1812 qui
889 1727 1088 1811 adquisibit,
1116 1728 1284 1793 obtineat.

161 1815 264 1895 Quod
294 1817 323 1880 si
352 1816 582 1882 buccellarius
616 1817 724 1882 filiam
758 1817 1000 1881 tantummodo
1034 1816 1215 1900 reliquerit
1249 1820 1286 1882 et

161 1904 273 1968 filium
295 1926 366 1970 non
380 1906 570 1989 reliquerit,
594 1906 705 1990 ipsam
727 1905 765 1968 in
780 1907 952 1989 potestate
967 1906 1106 1988 patroni
1121 1898 1282 1970 manereh

159 1994 336 2072 iubemus;
361 1993 410 2058 sic
424 1996 553 2071 tamen,
576 1997 618 2058 ut
640 1994 713 2078 ipse
736 1996 905 2078 patronus
922 1992 1079 2075 equalem
1094 1993 1283 2075 provideat,

161 2083 222 2165 qui
238 2102 314 2147 eam
330 2082 395 2146 sibi
417 2083 526 2165 possit
548 2083 586 2144 in
601 2073 1035 2157 matrimonium¹sociar13
1060 2083 1096 2144 et
1116 2081 1285 2164 quidquid

161 2171 255 2253 patri
283 2169 339 2235 vel
369 2170 473 2234 matri
502 2171 575 2235 eius
604 2169 722 2234 fuerat
752 2169 882 2247 datum,
919 2168 963 2231 ad
993 2187 1069 2233 eam
1099 2169 1283 2252 pertineat.
1403 2169 1405 2173 ’

162 2255 264 2335 Quod
288 2258 317 2321 si
338 2258 415 2342 ipsa
437 2257 503 2322 sibi
527 2259 650 2322 contra
671 2256 901 2322 volumtatem
923 2257 1062 2340 patroni
1084 2257 1284 2323 inferiorem

160 2339 276 2411 forte*
303 2345 457 2430 elegerit,
481 2346 649 2430 quidquid
672 2345 764 2430 patri
787 2346 860 2411 eius
884 2366 905 2409 a
927 2348 1074 2430 patrono
1096 2345 1205 2410 inerit
1227 2346 1283 2410 do·

162 2437 284 2498 natum
306 2434 362 2499 vel
385 2434 630 2519 aparentibus
658 2434 809 2519 patroni,
840 2437 987 2518 patrono
1013 2433 1070 2499 vel
1098 2435 1282 2500 heredibus

160 2523 236 2587 eius
258 2523 473 2588 restituatur.

578 2675 619 2733 Π.
648 2675 862 2746 ANTIQUAa.

159 2787 220 2853 De
244 2789 390 2867 armis,
420 2809 500 2873 que
524 2790 686 2853 dantur
709 2787 937 2853 saionibus
960 2789 1005 2852 in
1028 2789 1281 2873 patrocinio

204 2878 486 2955 constitutis,
518 2879 561 2943 et
589 2877 638 2942 de
666 2876 1049 2960 adquisitionibus
1080 2897 1235 2942 eorum.

265 2985 382 3060 Arma,
407 3002 473 3066 que
497 2982 672 3046 saionibus
694 3003 757 3066 pro
780 2982 944 3065 obsequio
968 2982 1150 3059 donantur,
1181 2983 1281 3046 nulla
1403 2990 1437 3022 “r-

156 3072 294 3134 ratione
317 3091 338 3134 a
360 3071 527 3135 donatore
549 3072 769 3153 repetantur;
800 3071 861 3134 sed
890 3070 962 3147 illa,
993 3090 1070 3153 que,
1102 3070 1185 3135 dum
1208 3071 1280 3136 saio

157 3161 220 3234 est,
246 3159 441 3240 adquisivit,
465 3159 503 3221 in
525 3158 664 3243 patroni
686 3160 860 3241 potestate
883 3158 1084 3223 consistant.

565 3326 621 3385 111.
652 3326 865 3397 Aurlquaa.

202 3439 262 3504 De
292 3440 422 3505 rebus
451 3440 495 3502 in
525 3439 777 3525 patrocinio
809 3440 1078 3524 conquisitis
1106 3440 1177 3505 vel
1207 3461 1228 3504 a

505 3533 692 3614 patrono
722 3528 927 3594 conlatis.

264 3634 361 3699 Siout
384 3655 488 3720 supra
508 3636 641 3700 dictum
664 3638 716 3700 est
727 3634 748 3712 ¹,
773 3635 802 3699 si
825 3635 901 3719 quis
925 3655 1005 3700 cum
1027 3635 1144 3720 aliquo
1167 3638 1279 3720 patro·

154 3724 238 3788 cinii
268 3744 372 3789 causa
400 3724 576 3801 consistat,
608 3727 644 3789 et
674 3723 815 3808 aliquid,
847 3725 931 3788 dum
959 3745 1038 3789 cum
1065 3744 1105 3789 eo
1129 3724 1276 3801 habitat,

154 3813 366 3896 adquisierit,
397 3814 426 3878 si
450 3806 506 3878 eil
533 3812 684 3877 infidelis
713 3813 911 3878 inveniatur
939 3812 995 3878 vel
1026 3833 1105 3879 eum
1134 3812 1277 3878 derelin-

262 4004 283 4049 u)
297 4002 336 4050 qul
350 4003 397 4045 Rl.
451 3998 474 4050 d)
489 4005 554 4051 patro
568 4003 615 4046 ΕΙ.
674 4005 695 4051 e)
709 4003 782 4043 servit
795 4002 844 4045 ΒΞ.
905 4000 1058 4052 opoealdest.
1080 4001 1104 4043 Sl
1118 4012 1173 4043 uero
1186 4002 1278 4052 patronl

153 4055 250 4103 obsequi
263 4055 378 4096 noluerint
391 4053 476 4096 domu
490 4052 665 4104 possidemur.
712 4059 735 4106 g)
750 4056 852 4106 patribus
866 4056 915 4099 122.
968 4056 992 4104 h)
1007 4065 1058 4096 aces
1072 4055 1121 4099 Ra.
1168 4055 1185 4104 l)
1199 4055 1278 4096 matri·

154 4109 229 4149 monio
243 4109 331 4150 coelare
345 4109 394 4151 ΒΞ.
447 4108 472 4156 k)
486 4109 566 4149 ionem
580 4109 627 4151 Rl.

262 4162 292 4205 11.
332 4164 355 4209 a)
369 4162 426 4201 deest
439 4161 488 4204 ΒΞ,

262 4216 304 4259 111.
344 4215 499 4262 anuum.
553 4214 675 4263 merul.

155 4360 182 4423 1)
203 4357 234 4414 V.
252 4373 336 4425 supra
354 4373 376 4413 e.
391 4358 414 4412 1.
