3000 4934
230 373 285 426 220
448 367 527 422 LEX
544 363 947 422 V1s1c.RsccussV1ND.
984 364 1051 431 VH,
1072 367 1096 434 5,
1115 370 1140 424 2.

231 561 450 632 subpresseritb,
474 550 691 626 subtraxerit,
718 548 903 632 disruperit
926 548 981 612 Vel
1005 559 1202 630 designaverit
1224 564 1286 614 aut
1305 561 1362 614 di-

233 635 356 703 luerit,
376 635 497 702 quique
510 633 617 703 signum
631 632 813 686 adulterinum
827 631 977 700 sculpserit,
996 631 1093 685 fecerit
1108 633 1153 686 vel
1171 632 1360 701 inpresserit:

232 711 358 776 talium
382 710 550 775 scelerum
571 710 623 773 rei
646 728 831 791 eorumque
855 708 1017 784 consciiss,
1043 709 1126 771 dum
1142 709 1275 773 fuerint
1299 732 1360 794 pu·

234 800 364 876 blicati,
396 800 425 862 si
448 799 659 882 potentiores
687 800 778 871 sunt,
807 801 965 879 quartam
988 801 1123 880 partem
1146 798 1362 862 facultatum

222 910 373 953 suarum
390 888 565 951 amittant.
602 886 639 949 Si
653 905 734 950 vero
758 885 871 949 alieno
890 887 965 949 iure
981 886 1135 950 debitam
1151 887 1362 970 scripturam

234 977 469 1041 subtraxerint
504 979 565 1039 aut
594 974 806 1051 vitiaverint,
844 969 1011 1038 eandemd
1044 975 1250 1058 scripturam
1279 976 1361 1039 sub-

233 1066 378 1129 traxisse
401 1064 456 1129 vel
479 1065 642 1128 viciasse⁰
671 1084 785 1127 coram
812 1063 962 1127 iudicem
988 1084 1086 1128 suam
1110 1064 1361 1148 professionem

234 1155 455 1237 depromant;
485 1173 551 1235 que
575 1153 751 1236 professio,
776 1151 924 1216 testibus
947 1152 1118 1228 roborata,
1143 1153 1278 1236 perdite
1302 1153 1362 1217 vel

234 1236 380 1307 viciatof
400 1243 569 1325 scripture
591 1241 693 1305 robor
709 1241 877 1305 obtineat.
914 1239 1014 1318 Quod
1038 1242 1067 1304 si
1090 1242 1359 1318 evidentissime,

235 1332 318 1415 quid
346 1332 517 1414 scriptura
545 1330 727 1406 continuit,
755 1329 962 1393 recordareg
987 1351 1057 1394 non
1081 1330 1242 1414 potuerit,
1271 1332 1360 1394 tunc

234 1420 304 1499 ille,
337 1421 434 1484 cuius
465 1420 635 1503 scriptura
664 1419 743 1496 fuit,
779 1418 908 1482 habeat
937 1418 1116 1483 licentiam
1147 1419 1361 1501 conprobare

235 1529 296 1592 per
330 1511 584 1573 sacramentum
618 1528 718 1570 suum
752 1507 863 1589 adque
898 1527 959 1590 per
988 1510 1128 1584 testem,
1164 1507 1248 1590 quid
1283 1507 1362 1591 ipsa

235 1590 442 1680 iscripturall
471 1597 643 1660 continuit
667 1596 852 1673 evidenter,
879 1589 931 1660 eti
954 1596 1005 1659 ita
1028 1597 1149 1660 datum
1172 1590 1358 1660 veredicek

233 1687 473 1750 testimonium
496 1685 665 1768 scripture
687 1687 824 1767 reparet
847 1685 1039 1749 veritatem.
1082 1685 1222 1749 sivero
1246 1684 1361 1747 minor

235 1775 390 1839 extiterit
417 1773 568 1838 facultas
597 1793 724 1850 eorum,
753 1794 857 1855 quam
885 1774 976 1856 quod
1004 1773 1080 1837 aliis
1103 1774 1218 1837 facere
1243 1774 1362 1837 conati

235 1867 318 1927 sunt
347 1865 520 1940 damnum,
551 1862 618 1945 ipsi
650 1861 770 1946 procul
794 1862 899 1926 dubio
931 1883 1009 1926 cum
1037 1862 1100 1940 his,
1132 1882 1198 1945 que
1228 1862 1360 1927 habere

235 1953 406 2030 videntur,
432 1952 504 2016 eius
528 1951 687 2016 servituti
710 1945 959 2029 subicianturl,
985 1951 1040 2015 cui
1059 1951 1218 2015 fraudem
1233 1951 1360 2016 iecisse

236 2043 504 2106 dinoscunturm.
551 2041 605 2104 De
621 2042 745 2122 quarta
759 2059 839 2103 vero
858 2043 966 2123 parte,
991 2060 1094 2122 quam
1118 2040 1192 2103 dari
1215 2040 1360 2124 precipi-

235 2151 321 2207 mus,
353 2130 507 2214 principe
535 2129 742 2194 hordinante
769 2128 825 2193 vel
852 2129 966 2192 iudice
995 2131 1066 2192 tres
1094 2129 1269 2212 portiones
1296 2129 1360 2194 ille

236 2220 393 2303 accipiat,
418 2220 478 2302 qui
494 2219 679 2282 damnumn
698 2217 844 2301 pertulit
859 2217 915 2282 vel
935 2217 1010 2301 pati
1032 2219 1208 2301 potuerat;
1234 2221 1361 2300 quarta

236 2313 337 2373 vero⁰
366 2309 460 2390 regie
490 2307 656 2390 potestati
685 2308 916 2383 reservetur,
948 2309 998 2383 ut,
1030 2306 1113 2389 quid
1137 2307 1259 2370 exinde
1283 2307 1361 2370 fieri

236 2396 371 2473 debeat,
396 2397 433 2458 in
457 2396 600 2459 arbitrio
624 2396 697 2459 eius
719 2395 894 2459 consistat.
930 2394 1142 2459 Humiliores
1166 2415 1248 2459 sane
1264 2395 1360 2459 vilio·

235 2505 357 2567 resque
387 2504 540 2568 persone,
572 2503 638 2566 que
667 2483 755 2547 talia
783 2484 912 2548 detecti
934 2483 1067 2548 fuerint
1090 2484 1297 2561 conmisisse,
1322 2487 1360 2548 et

236 2575 334 2636 iuxta
368 2572 578 2657 superiorem
611 2572 793 2636 hordinem
828 2572 1041 2637 conscribere
1076 2573 1252 2637 debebunt
1284 2594 1360 2656 pro-

235 2663 429 2739 fessionem,
455 2664 490 2725 et
513 2664 679 2745 perpetuo
704 2662 759 2725 cui
782 2662 941 2726 fraudem
961 2660 1109 2726 fecerint
1128 2662 1356 2726 addicanturq

236 2751 280 2814 ad
311 2751 527 2827 servitutem3
559 2751 700 2834 insuper
730 2754 856 2827 autem,
887 2753 960 2813 tam
990 2749 1138 2815 humiles
1168 2771 1271 2833 quam
1302 2772 1360 2834 po-

234 2843 350 2904 tentes
389 2858 533 2924 persone
573 2840 726 2904 centenis
763 2838 981 2922 flagellorum
1020 2842 1122 2903 erunt
1158 2839 1360 2904 verberibus

237 2929 459 2993 coercendei·
507 2927 608 3006 Quod
637 2930 666 2992 si
696 2929 784 2993 servi
814 2929 880 2992 hoc
910 2929 1067 3005 fecerint,
1099 2931 1135 2991 et
1165 2948 1222 2992 eos
1252 2928 1360 2993 alieni

235 3018 320 3082 iuris
344 3038 416 3082 esse
440 3018 601 3101 patuerit,
626 3017 696 3080 illis
713 3018 959 3100 consignentur
974 3017 1171 3101 perenniter
1187 3017 1357 3094 servituri,

236 3107 360 3190 quibus
383 3107 607 3190 scripturam⁸
636 3107 845 3170 subtraxisse
873 3102 952 3169 autt
983 3101 1129 3170 celasset
1157 3105 1213 3169 vel
1240 3105 1360 3170 lesisse

233 3197 368 3261 fuerint
391 3195 583 3280 adprobati.
619 3194 719 3273 Quod
744 3195 772 3258 si
794 3195 995 3259 iubentibus
1012 3194 1158 3258 dominis
1182 3194 1252 3258 suis
1271 3194 1360 3258 talia

235 3285 397 3363 iecerint,
430 3304 530 3348 omne
561 3285 726 3348 damnum
753 3284 951 3348 redundetu
986 3284 1030 3346 ad
1061 3283 1248 3346 dominum.
1302 3282 1359 3347 Ita

236 3374 341 3437 etiarn
372 3376 408 3438 et
438 3374 506 3437 dev
541 3374 590 3437 eis
620 3373 827 3457 precipimus
857 3373 1044 3449 observari,
1080 3371 1139 3454 qui
1169 3371 1265 3435 lucro
1296 3392 1358 3436 suo

187 3468 189 3473 '
235 3462 459 3527 istudentesW
489 3461 604 3526 aliena
633 3464 844 3527 testamenta
871 3461 927 3527 vel
955 3461 1040 3525 alias
1068 3461 1254 3543 scripturas
1282 3460 1358 3524 sub-

234 3551 422 3635 presserint
449 3552 510 3613 aut
532 3551 740 3628 vitiaverint,
769 3553 810 3613 ut
833 3551 897 3627 his,
929 3550 1053 3633 quibus
1077 3549 1240 3633 conpetit,
1265 3549 1358 3633 inpe-

235 3640 309 3703 dire
333 3639 464 3722 aliquid
487 3640 630 3722 possint.
677 3639 722 3702 Et
745 3639 821 3701 hii¹
848 3638 1007 3703 similiter
1030 3641 1208 3721 tamquam
1224 3638 1359 3702 falsarii

232 3730 421 3792 teneantur
443 3730 479 3791 et
501 3728 624 3790 iuxtay
650 3727 855 3810 qualitatem
878 3747 1021 3811 persone
1044 3727 1212 3810 superiori
1232 3728 1358 3791 damno

234 3816 459 3880 multentur„

341 4041 528 4089 b)veladd.Rl.
570 4042 712 4088 osorum.
758 4040 927 4090 suademus
968 4041 1150 4090 s)vitiasseR2.
1192 4040 1358 4092 Ovltiatelti.

233 4098 256 4144 g)
271 4092 386 4134 recordari
401 4095 447 4137 131.
502 4095 525 4143 h)
539 4095 652 4144 scriptura
667 4097 687 4135 R
696 4097 715 4138 2.
770 4096 786 4144 i)
800 4097 832 4134 ita
842 4096 874 4144 E,-
888 4093 978 4135 reddita
991 4107 1032 4144 pro
1046 4099 1069 4135 et
1083 4095 1116 4136 ita
1129 4095 1181 4145 1³13
1197 4094 1229 4133 ita
1243 4093 1300 4132 deest
1309 4093 1329 4131 R
1338 4093 1358 4136 2.

234 4148 258 4197 k)
273 4146 374 4188 veridico
388 4149 408 4187 R
417 4148 436 4190 2.
497 4149 513 4197 l)
528 4148 688 4189 subiaceantur
702 4150 722 4188 R
731 4149 751 4191 2.
809 4151 840 4196 m)
854 4152 1018 4198 cognoscentnr
1031 4149 1052 4187 R
1061 4149 1081 4190 2.
1135 4150 1158 4196 n)
1172 4157 1226 4187 num
1240 4147 1297 4186 amr
1311 4147 1358 4188 121.

233 4204 256 4250 o)
270 4207 336 4252 parte
350 4202 458 4245 accur.
505 4204 529 4252 p)
543 4207 648 4242 servetur
662 4203 710 4246 Rs.
758 4204 781 4250 q)
795 4200 933 4242 addicantur
946 4202 1034 4246 Msscr,
1047 4202 1094 4245 131.
1140 4197 1358 4249 menandrus.

233 4255 254 4308 s)
267 4256 380 4304 scriptura
394 4256 440 4298 131.
522 4258 540 4303 t)
553 4257 610 4295 dem
624 4256 670 4299 ΕΙ.
750 4258 774 4304 u)
788 4253 978 4299 reddundetlil.
1052 4258 1075 4303 v)
1090 4253 1145 4294 dare
1162 4265 1203 4304 pro
1218 4251 1247 4294 do
1261 4253 1294 4293 eir
1308 4252 1358 4296 Rs.

234 4311 264 4357 w)
278 4308 396 4350 studentes
410 4310 459 4352 122.
513 4311 537 4357 x)
552 4310 586 4349 his
601 4310 650 4352 ΒΞ.
704 4311 727 4360 y)
741 4309 828 4349 luxiam
842 4310 889 4352 1³1.
