3000 4934
336 359 415 414 LEX
432 358 548 416 VISIG.
566 359 835 416 Rnccnssvntn
871 360 939 430 VH,
958 365 983 429 3,
1002 363 1081 418 3-5.
1215 365 1269 417 215

147 543 238 627 patri
269 547 329 606 aut
359 543 462 606 matri
491 544 737 626 fratribusque,
771 545 800 608 si
829 543 970 617 fuerint,
1005 544 1076 607 sive
1107 543 1269 627 proximis

147 631 347 716 parentibus
371 633 408 695 in
431 634 605 716 potestate
628 633 822 709 tradatur⁰;
854 635 895 694 ut
922 631 976 694 illi
1004 632 1183 697 occidendi
1208 634 1270 694 aut

147 721 319 784 vendendi
349 741 428 784 eum
457 721 610 785 habeant
640 723 858 805 potestatem,
895 723 966 797 aut,
998 721 1027 783 si
1055 714 1268 796 voluerintd,

146 809 700 963 ,laesas
721 811 806 961 ess
837 808 1030 963 plavis
1053 828 1270 962 tressa

147 949 293 1071 plagiati
326 1007 397 1050 non
430 987 540 1050 levius
575 1007 648 1051 esse
667 920 812 1070 'pdtest
828 921 951 1070 pquam
986 987 1015 1050 si
1045 985 1270 1049 homicidium

146 1076 271 1139 fuisset
301 1076 498 1139 admissum.
546 1074 646 1153 Quod
674 1076 703 1138 si
731 1096 810 1139 eum
838 1095 879 1139 ex
902 1075 1091 1159 peregrinis
1122 1075 1166 1138 ad
1196 1094 1270 1157 pro·

148 1165 223 1247 pria
253 1163 433 1247 potueritg
465 1183 634 1239 revocare,
666 1162 840 1247 plagiator
870 1174 916 1228 eL
944 1163 1085 1239 solidos,
1122 1164 1188 1226 hoe
1218 1165 1271 1226 est

149 1252 370 1316 medietatem
391 1251 570 1315 homicidii
586 1251 732 1328 exolvat,
757 1254 819 1314 aut
842 1252 871 1314 si
894 1272 963 1314 non
982 1252 1153 1328 habuerit,
1177 1251 1270 1314 unde

149 1343 331 1423 conponat,
355 1340 429 1423 ipse
452 1339 629 1404 subiaceat
652 1339 822 1404 servituti.

552 1509 622 1567 nn.
653 1509 867 1580 aurnuns.

228 1622 272 1686 Si
302 1643 452 1687 servus
482 1622 674 1687 alienum
704 1622 979 1706 plagiaverit
1008 1643 1188 1687 servum.

256 1729 294 1793 Si
323 1750 440 1794 servus
470 1750 605 1793 servum
634 1729 841 1814 plagiaverit
869 1729 1021 1794 alienum
1050 1729 1188 1793 domino
1216 1749 1271 1792 ne·

149 1819 288 1895 sciente,
313 1838 439 1895 servae,
464 1818 524 1900 qui
547 1818 612 1882 hoc
635 1818 768 1896 fecerit,
794 1830 840 1884 GL
856 1818 996 1902 flagella
1020 1839 1134 1883 coram
1157 1817 1270 1881 iudice

149 1910 309 1971 extensus
332 1906 490 1991 accipiat,
516 1909 551 1971 et
575 1907 623 1971 sic
647 1907 753 1971 etiam
772 1908 991 1991 postmodum
1015 1906 1074 1988 qui
1097 1905 1271 1989 plagiatus

149 1998 202 2061 est
225 1996 364 2059 domino
387 1996 606 2060 reformetur.
653 1995 721 2060 Ille
744 2016 835 2071 vero,
860 1989 981 2058 cuiusb
1003 2014 1120 2059 servus
1144 1994 1271 2077 plagia·

148 2087 206 2147 tus
228 2085 354 2160 fuerat,
385 2083 579 2148 mercedem
602 2086 746 2166 capture
770 2104 791 2146 a
813 2083 1017 2167 plagiatoris
1040 2083 1178 2146 domino
1201 2101 1271 2145 non

149 2173 319 2255 requirat;
355 2172 407 2235 ita
434 2175 567 2247 tamen,
598 2173 653 2248 ut,
685 2172 715 2234 si
744 2171 891 2235 fortasse
925 2172 984 2254 qui
1014 2170 1189 2254 plegiatus
1220 2173 1272 2234 est

149 2262 249 2324 tarde
283 2260 508 2344 repperiatur,
545 2259 748 2343 plagiatoris
783 2259 941 2323 dominus
976 2259 1084 2323 alium
1118 2259 1272 2324 eiusdem

150 2350 265 2414 meriti
299 2349 509 2433 mancipium
547 2351 609 2411 aut
643 2349 749 2413 etiam
784 2349 932 2413 eundem
966 2347 1195 2432 plagiatorem
1229 2348 1270 2425 ei,

150 2438 247 2502 cuius
271 2441 408 2503 servus⁰
432 2436 489 2502 vel
512 2437 640 2502 ancilla
661 2437 818 2521 plagiata
845 2439 907 2514 est,
937 2437 1019 2502 dare
1043 2435 1270 2521 conpellatur,

149 2528 284 2590 tamdiu
307 2527 374 2592 sibi
396 2526 613 2604 serviturum,
638 2526 804 2610 quamdiu
827 2545 908 2590 suus
931 2546 1049 2591 servus
1068 2528 1130 2589 aut
1145 2524 1273 2590 ancilla

150 2617 183 2681 ei
204 2617 426 2694 restituatur;
452 2618 488 2680 et
510 2615 571 2680 ille
594 2616 646 2680 ita
660 2615 882 2700 postmodum
898 2615 1037 2679 domino
1053 2615 1271 2680 reformetur.

567 2804 604 2862 V.
634 2803 850 2874 ANTIQUAa

173 2917 217 2980 si
244 2937 395 2982 servus
425 2917 662 3001 ingenuum
689 2915 963 3000 plagiaverit
992 2916 1163 2979 domino
1191 2915 1250 2977 in·

613 3007 807 3089 perante

258 3110 295 3174 si
323 3130 439 3175 servus
466 3110 656 3194 ingenuum
678 3103 909 3194 plagiaverith
938 3130 979 3174 ex
1002 3109 1134 3173 domini
1156 3109 1273 3172 iussio-

150 3204 263 3275 nem0,
292 3199 365 3283 ipse
389 3198 548 3263 dominus
571 3199 853 3283 conpositionem,
881 3219 948 3282 que
971 3200 1024 3263 est
1048 3198 1091 3262 de
1113 3197 1273 3281 ingenuis

151 3287 351 3364 constituta,
377 3286 595 3370 conpellatur
609 3287 759 3371 inplere;
783 3287 835 3350 ita
856 3291 898 3351 ut
921 3287 1081 3351 dominus
1096 3297 1118 3352 0
1133 3285 1272 3370 publice

149 3375 289 3460 flagella
316 3376 491 3459 suscipiat,
520 3378 556 3440 et
583 3395 720 3441 servum
746 3376 840 3440 iussa
866 3375 998 3440 domini
1028 3369 1270 3459 conplentem‘l

149 3465 310 3530 molestia
331 3485 402 3529 non
425 3465 615 3549 contingat.

257 3675 278 3722 o)
288 3671 408 3714 tradantur
417 3674 437 3712 R
444 3674 463 3716 1.
504 3670 528 3721 d)
537 3684 583 3714 non
592 3673 715 3713 htbuonnt
723 3673 770 3716 131.
812 3672 833 3725 o)
843 3673 876 3712 ita
883 3673 916 3724 n,·
930 3683 998 3714 conse
1006 3671 1017 3726 ll
1035 3674 1058 3711 tn
1067 3673 1271 3724 putaminarum

150 3727 366 3776 consequnturm.
419 3726 498 3779 oque
511 3728 558 3769 121.
612 3726 767 3778 mamm.

257 3781 311 3822 1111.
351 3780 661 3829 summanum.
714 3779 972 3832 t)qulproo.s.131.
1026 3779 1212 3828 c)servule.

257 3835 284 3877 V.
323 3836 346 3882 a)
360 3835 393 3873 ita
406 3834 496 3881 R1.E,·
509 3835 566 3873 decst
581 3834 630 3876 Bt.
670 3834 693 3883 b)
707 3834 806 3873 alienum
820 3830 911 3874 domino
925 3832 1042 3873 neuolente
1056 3843 1136 3873 servus
1150 3833 1272 3882 munuum

150 3887 286 3937 plagiaverit
295 3897 338 3936 por
351 3897 448 3926 errorem
463 3888 513 3928 odd.
528 3888 575 3930 121.
630 3889 651 3935 c)
664 3887 765 3928 iussione
778 3888 799 3926 R
809 3887 828 3930 2.
882 3885 906 3936 d)
920 3887 1085 3936 conponentem
1098 3887 1145 3928 Rl.

152 4047 177 4113 1)
195 4047 237 4111 Cf.
256 4046 348 4111 Data,
370 4046 477 4111 ‘Westu
497 4044 585 4100 Stud!
607 4064 635 4113 p.
655 4047 716 4101 205.
825 4045 853 4113 2)
876 4045 919 4097 Ito
945 4061 1047 4113 semper
1071 4046 1273 4112 omiquismoc

150 4119 230 4184 Legis
247 4116 446 4183 Vieiootlrorum
471 4118 575 4181 formae
601 4117 633 4168 de
657 4119 805 4184 quantitate
829 4117 1026 4184 compositionis
1050 4118 1187 4181 reform,-
1209 4131 1272 4183 per·

146 4205 243 4258 peram
260 4187 393 4240 nonnullo
411 4188 443 4239 da
460 4187 511 4239 tac
528 4203 558 4240 re
575 4189 631 4239 oiri
642 4188 713 4239 docti
723 4189 916 4252 diemuerunt,
935 4188 1096 4240 aditionibtn
1116 4188 1272 4251 inferiorem

150 4263 268 4326 formem
290 4259 478 4327 praebentibus
495 4259 578 4323 Μὴ·
603 4259 638 4322 cf.
656 4273 696 4313 ea.
715 4274 758 4324 pr.
776 4259 875 4326 Wilda,
897 4259 1074 4324 ‘Strafrecht’
1089 4276 1118 4326 p.
1136 4259 1190 4313 427
1202 4271 1272 4325 sqq.,·

152 4331 234 4383 Data
254 4331 272 4386 l.
290 4346 311 4386 c.
327 4348 356 4398 p.
371 4331 423 4385 174
434 4346 472 4397 oq.
