3000 4934
401 365 478 419 LEX
496 365 611 423 visre.
630 365 899 421 Rsccnssvnu).
936 366 1004 434 XII,
1023 369 1046 434 l,
1066 370 1091 422 2.
1257 368 1310 424 297

360 610 364 618 Ι
426 542 464 596 Π.
496 543 664 598 FLAVIUS
683 542 960 601 RaccARuDUsa
981 541 1068 598 REX.

188 658 245 722 Ut
282 657 433 722 nullus
473 677 520 723 ex
558 658 639 735 his,
680 659 752 741 qui
788 657 1046 742 populorum
1081 657 1310 740 accipiunt

189 750 457 831 potestatem
486 751 528 810 et
557 769 713 822 curam,
746 767 1038 830 quoscumque
1063 747 1109 810 de
1133 746 1309 830 populis

189 840 263 899 aut
295 830 363 898 inb
396 836 637 899 sumtibus⁰
674 839 748 898 aut
782 835 1110 898 indictionibus
1145 836 1310 917 inquie-

561 929 656 988 tare
685 927 934 1008 pertemtet.

296 1030 434 1105 Omnes,
466 1051 550 1113 quos
580 1031 679 1112 regni
708 1032 818 1094 nostri
848 1030 1018 1094 felicitate
1041 1033 1188 1105 tuemur,
1221 1029 1310 1091 nihil

190 1120 277 1183 aliut
302 1140 419 1182 eorum
436 1119 675 1181 hutilitatibus
692 1120 919 1191 consulentes,
945 1120 1128 1182 momentis
1152 1118 1310 1182 omnibus

190 1209 388 1281 statuimus,
426 1207 506 1283 nisi,
545 1210 585 1269 ut
622 1202 747 1269 nullad
789 1207 1044 1290 dispendiorum
1082 1208 1311 1290 suspicionem

190 1297 377 1379 patiantur.
433 1294 523 1373 Quid
556 1299 607 1358 est
638 1296 729 1358 enim
759 1296 892 1358 iustitie
926 1298 999 1357 tam
1034 1296 1226 1378 proximum
1256 1296 1311 1358 vel

190 1385 289 1447 nobis
313 1384 494 1458 familiare,
526 1404 628 1466 quam
657 1384 748 1467 piam
778 1383 937 1446 fidelibus
969 1404 1109 1446 manum
1138 1385 1311 1467 porrigere

191 1477 226 1536 et
249 1474 338 1535 iuste
362 1474 434 1546 hos,
460 1492 544 1554 quos
560 1473 720 1554 regimus
745 1473 780 1534 in
799 1473 941 1536 diversis
957 1473 1105 1554 negotiis
1122 1471 1311 1536 adiubare‘?

191 1562 426 1625 Decernentes
461 1561 567 1643 igitur
598 1565 633 1624 et
663 1561 765 1624 huius
796 1560 882 1643 legis
917 1566 1034 1625 nostre
1069 1562 1306 1625 severitateme

192 1651 441 1713 constituentes
465 1650 633 1727 iubemus,
658 1653 699 1712 ut
721 1650 827 1713 nullis
846 1649 1104 1725 indictionibus,
1130 1650 1312 1713 exactioni·

190 1740 264 1813 bus,
289 1739 449 1821 operibus
470 1739 525 1802 vel
549 1739 699 1821 angariis
724 1759 846 1814 comes,
868 1739 1015 1802 vicarius
1031 1739 1087 1802 vel
1105 1738 1227 1802 vilicus
1252 1761 1312 1821 pro

192 1829 260 1891 suis
289 1828 526 1890 hutilitatibus
556 1827 699 1910 populos
729 1829 917 1911 adgravare
946 1831 1147 1911 presumant
1177 1847 1240 1890 nec
1270 1828 1312 1890 de

192 1917 332 1980 civitate
371 1917 426 1980 vel
467 1910 534 1979 deb
573 1917 747 1980 territorio
788 1937 961 1978 annona-m
1001 1916 1189 1997 accipiant,
1232 1916 1313 1995 quia

191 2009 309 2067 nostra
337 2006 538 2068 recordatur
562 2005 755 2077 clementia,
788 2005 889 2085 quod,
920 2005 1002 2066 dum
1026 2004 1155 2065 iudices
1180 2003 1312 2066 ordina-

192 2115 277 2161 mus,
303 2098 420 2155 nostra
443 2092 606 2174 largitate
624 2093 672 2155 eis
689 2092 881 2174 conpendia
897 2084 1165 2154 ministremusf.
1202 2090 1313 2153 Simili

192 2182 379 2243 autoritate
396 2181 553 2243 iubemus
569 2184 738 2243 rectorem
755 2180 928 2263 provincie
947 2180 1018 2242 sive
1035 2180 1195 2243 comitem
1212 2181 1312 2262 patri·

192 2269 299 2331 monii
323 2272 384 2331 aut
408 2273 539 2332 actores
564 2269 636 2331 fisci
660 2269 778 2344 nostri,
804 2272 870 2330 utg
896 2267 1030 2330 nullam
1053 2268 1090 2329 in
1114 2261 1313 2351 privatisl·l

194 2358 389 2420 hominibus
407 2358 558 2421 habeant
581 2361 790 2440 potestatem
813 2357 979 2439 nullaque
1003 2377 1060 2421 eos
1084 2357 1243 2421 molestia
1266 2357 1313 2419 in·

193 2448 359 2528 quietent.
408 2446 474 2510 Sed
505 2447 533 2509 si
564 2446 717 2529 privatus
748 2468 825 2510 cum
857 2447 961 2510 servis
992 2447 1065 2509 fisci
1095 2447 1231 2510 nostrig
1257 2448 1314 2510 ha·

193 2536 306 2599 buerit
331 2528 598 2611 causationeml,
629 2540 725 2598 actor
752 2536 807 2600 vel
836 2529 1053 2619 procuratori
1086 2537 1313 2599 commonitus

192 2626 227 2686 in
258 2625 385 2688 iudicio
420 2625 563 2688 rectoris
599 2625 772 2708 provincie
802 2625 858 2688 vel
888 2625 1012 2687 iudicis
1042 2625 1221 2699 territorii,
1254 2625 1314 2689 ubi

192 2735 294 2776 causa
324 2714 430 2778 fuerit
458 2714 664 2787 intromissa,
696 2735 796 2777 suum
824 2717 1039 2796 representet
1069 2715 1245 2788 minorem,
1274 2717 1314 2776 ut

193 2802 344 2865 discusso
372 2803 512 2884 negotio
542 2803 757 2865 districtione
781 2802 887 2883 legali
911 2802 1179 2883 uniuscuiusque
1203 2822 1314 2866 emen·

193 2892 293 2954 detur
309 2911 474 2954 excessus
523 2890 567 2952 Et
584 2891 673 2970 quia,
699 2892 781 2953 dum
797 2890 907 2972 regali
923 2911 1005 2953 cura
1029 2895 1162 2953 actores
1185 2894 1314 2953 nostra·

191 3000 268 3040 rum
285 2980 557 3060 perquireremus
574 2979 837 3061 provinciarum,
853 2979 1076 3062 conperimus,
1091 2979 1182 3060 quod
1199 2999 1313 3042 nume·

192 3068 272 3128 rarii
296 3066 351 3128 vel
376 3067 574 3130 defensores
598 3087 713 3129 annua
735 3067 809 3130 vice
833 3070 1022 3139 mutentur,
1053 3088 1120 3148 qua
1145 3068 1187 3130 de
1212 3087 1314 3130 causa

193 3155 438 3218 detrimentum
463 3155 588 3217 nostris
612 3175 679 3217 non
706 3154 911 3237 ambigimus
935 3154 1070 3238 populis
1095 3156 1239 3237 evenire,
1266 3155 1313 3218 id·

193 3263 299 3324 eoque
323 3243 489 3311 iubemus,
515 3246 555 3305 ut
578 3244 793 3307 numerarius
816 3244 871 3308 vel
896 3244 1065 3320 defensor,
1096 3245 1154 3326 qui
1183 3244 1313 3328 electus

193 3332 235 3394 ab
260 3332 427 3415 episcopis
451 3331 506 3394 vel
530 3331 665 3415 populis
689 3332 806 3401 fuerit.
837 3333 1044 3395 conmissum
1075 3336 1218 3416 peragat
1241 3332 1313 3396 offi-

192 3420 292 3484 cium.
329 3421 386 3484 Ita
404 3425 530 3497 tamen,
553 3425 602 3492 ut,
628 3421 710 3483 dum
733 3423 947 3485 numerarius
971 3421 1027 3485 vel
1051 3423 1211 3486 defensor
1227 3421 1313 3485 ordi·

192 3514 304 3585 natur,
330 3510 466 3572 nullum
491 3510 693 3573 beneficium
719 3510 826 3572 iudici
850 3511 932 3574 dare
957 3512 1091 3585 debeat,
1123 3531 1186 3574 nec
1210 3511 1313 3574 iudex

192 3603 367 3682 presumat
398 3599 440 3662 ab
472 3600 520 3663 eis
549 3599 680 3682 aliquid
709 3599 863 3682 accipere
887 3599 942 3664 vel
967 3600 1112 3683 exigere.
1160 3599 1313 3677 Quodsi

192 3689 267 3770 quis
290 3689 443 3752 iudicum
467 3689 556 3751 hanc
578 3692 731 3752 nostram
747 3689 1002 3753 transcenderit
1018 3689 1311 3764 constitutionem,

192 3777 320 3840 honore
344 3779 498 3859 privatus
523 3777 642 3842 decem
662 3777 768 3842 libras
792 3779 867 3841 auri
891 3771 993 3841 fiscob
1014 3772 1152 3841 nostrob
1174 3782 1313 3841 coactus

192 3865 337 3928 exolvat.
386 3865 586 3930 Sacerdotes
610 3888 699 3937 vero,
731 3888 816 3948 quos
841 3867 958 3930 divina
980 3867 1213 3930 obtestatione
1237 3887 1313 3930 con·

192 3947 407 4025 monemusl,
440 3955 467 4015 si
492 3974 647 4018 excessus
671 3956 825 4019 iudicum
849 3961 910 4019 aut
935 3959 1089 4019 actorum
1113 3956 1254 4019 scierint
1277 3958 1313 4019 et

299 4106 682 4153 11.auraremnecaredmlrr.
724 4110 868 4156 indoctum.
908 4110 1097 4159 marvanorum.
1139 4107 1313 4155 druidarum.

192 4162 213 4205 c)
227 4162 349 4198 crumillam
364 4161 411 4201 112,
472 4162 490 4207 s)
505 4162 656 4200 ministramus
672 4163 691 4200 R
701 4164 720 4203 2,
780 4166 802 4210 g)
817 4168 842 4200 ut
856 4183 881 4190 —
896 4162 943 4200 flscl
960 4163 1030 4200 nostrl
1046 4174 1087 4202 οιη,
1098 4172 1140 4209 per·
1154 4172 1249 4198 errorem
1264 4161 1313 4203 132.

192 4214 215 4259 h)
230 4214 348 4262 pravitatis
363 4214 409 4254 111.
464 4215 480 4262 1)
495 4215 578 4253 tionem
593 4225 612 4256 a.
628 4226 648 4256 v.
664 4226 696 4263 pr.
712 4215 795 4253 auam
809 4217 884 4253 «lecum
900 4216 945 4256 Rl.
1001 4215 1024 4258 11)
1039 4215 1222 4252 couvcnliuur
1238 4214 1286 4255 111,

194 4338 219 4404 1)
240 4339 278 4389 De
293 4340 411 4403 privatis
430 4338 465 4401 cf.
484 4339 564 4389 ctiam
582 4353 668 4404 supra
683 4354 713 4404 p.
730 4340 789 4402 157,
809 4355 836 4392 n.
855 4340 880 4391 2.
