3000 4934
255 377 309 430 278
458 372 536 426 LEX
555 371 671 430 VISIG.
689 370 957 428 RECOESSVIND.
994 371 1031 440 X,
1051 376 1075 440 l,
1095 376 1173 430 6-9.

257 557 284 625 si
308 557 390 640 ipse,
422 556 481 638 qui
508 556 645 620 vineam
676 555 832 639 plantat⁰
865 555 920 619 vel
952 555 1091 618 domum
1119 555 1215 633 facit,
1246 557 1392 640 ignora-

255 646 353 721 verit,
386 645 478 727 quod
508 645 620 729 portio
652 645 697 707 sit
728 644 904 719 consortis,
936 644 1019 707 dum
1049 645 1112 708 hoc
1141 647 1203 708 aut
1230 646 1392 710 testibus

258 737 319 797 aut
342 734 535 797 iuramento
559 733 756 808 firmaverit,
781 732 870 795 aliut
892 735 1032 795 tantum
1049 736 1140 796 terre
1157 733 1248 816 paris
1266 736 1392 800 meriti

257 822 395 885 domino
424 821 486 893 illi,
518 822 554 883 in
583 821 680 885 cuius
707 824 801 884 terra
823 822 960 884 vineam
991 820 1172 904 plantavit,
1203 823 1389 900 restituat,

257 914 292 975 et
316 911 374 992 qui
399 911 515 993 posuit
537 911 673 973 vineam
689 929 828 973 securus
844 903 1040 973 obtineatd.
1088 909 1125 973 Si
1139 930 1220 975 vero
1240 912 1390 976 domino

257 999 515 1064 contradicente
539 997 758 1082 plantaverit,
790 998 880 1061 iuste
904 999 1027 1081 perdat
1050 999 1109 1080 qui
1132 1019 1205 1062 rem
1228 999 1391 1065 alienam

256 1087 395 1150 domino
426 1087 704 1151 contradicente⁰
737 1086 918 1169 plantavit.
974 1086 1103 1150 Similis
1133 1087 1240 1151 etiam
1271 1092 1310 1152 et
1342 1091 1390 1154 de

257 1175 400 1240 edificiis
423 1175 536 1238 forma
559 1178 723 1238 servetur.
1417 1209 1442 1248 a.

655 1327 722 1383 vn.
753 1326 967 1397 aurrouaa.

257 1423 299 1486 Si
323 1424 492 1488 vineam
516 1424 559 1486 in
582 1423 729 1486 aliena
751 1426 872 1486 terra
894 1424 990 1504 quis
1015 1422 1204 1507 plantet,
1229 1424 1276 1486 in
1300 1445 1389 1508 qua

577 1504 761 1575 sortemb
794 1532 877 1574 non
909 1512 1051 1576 habet.

364 1616 431 1695 Qui
454 1619 590 1681 vineam
613 1618 650 1680 in
674 1617 779 1682 alieni
801 1618 904 1681 fundi
926 1618 1111 1694 territorio,
1142 1618 1178 1681 in
1209 1639 1278 1701 quo
1307 1620 1388 1704 ipse

257 1725 393 1770 consors
417 1727 487 1770 non
512 1709 573 1781 est,
606 1707 678 1769 sine
709 1706 930 1789 permissione
960 1706 1099 1782 domini,
1131 1707 1201 1771 sive
1225 1728 1287 1790 per
1310 1709 1388 1773 vim

256 1798 317 1858 aut
344 1795 492 1859 forsitan
517 1795 656 1858 domino
680 1796 911 1859 nescientem⁰
939 1794 1016 1859 vela
1044 1795 1220 1871 absentess,
1245 1796 1388 1880 planta·

255 1885 353 1959 verit,
379 1884 485 1948 etiam
509 1883 537 1947 si
562 1883 594 1947 ei
614 1884 868 1947 contradictum
884 1904 955 1946 non
970 1884 1087 1959 fuerit,
1104 1885 1249 1958 vineam,
1275 1906 1386 1969 quam

256 1972 438 2056 plantavit,
464 1973 618 2048 amittat;
650 1973 731 2054 quia
755 1972 912 2036 sufficere
937 1974 969 2036 ei
992 1972 1105 2048 debet,
1135 1973 1227 2055 quod
1251 1975 1297 2038 ad
1324 1975 1386 2037 du-

256 2056 435 2145 placioned
468 2062 519 2125 rei
550 2082 621 2125 non
652 2061 833 2136 addicitur,
870 2062 930 2143 qui
965 2060 1079 2124 aliena
1113 2062 1301 2144 pervasisse
1336 2064 1386 2126 di-

255 2151 419 2214 noscitur.

651 2231 734 2287 VIII.
765 2230 978 2300 ANTIQUAa.

300 2325 360 2390 De
389 2327 608 2390 divisione
636 2329 855 2389 terrarum
882 2326 1005 2390 iacta
1032 2327 1151 2392 inter
1176 2326 1337 2392 Gotum

611 2414 748 2497 adque
777 2415 1021 2478 Romanum.

362 2518 517 2583 Divisiol
547 2521 638 2584 inter
663 2519 792 2584 Gotum
820 2524 856 2584 et
882 2521 1078 2585 Romanum
1106 2523 1202 2586 facta
1231 2523 1275 2587 de
1304 2547 1384 2608 por·

254 2608 349 2672 tione
372 2613 541 2672 terrarum
567 2609 636 2672 sive
661 2609 824 2672 silvarum
854 2609 953 2673 nulla
981 2611 1116 2675 ratione
1145 2611 1318 2688 turbetur,
1354 2615 1384 2678 si

253 2700 372 2761 tamen
395 2697 561 2781 probatur
585 2697 759 2762 celebrata
782 2692 942 2774 divisiob,
974 2720 1017 2763 ne
1047 2700 1088 2763 de
1117 2699 1251 2763 duabus
1275 2704 1384 2783 parti·

255 2786 318 2849 bus
343 2785 425 2850 Goti
456 2786 588 2868 aliquid
617 2786 701 2849 sibi⁰
729 2787 905 2851 Romanus
929 2792 1104 2870 presumat
1127 2791 1189 2851 aut
1211 2788 1381 2869 vindicet,

254 2880 315 2939 aut
337 2876 379 2939 de
395 2876 500 2939 tertia
515 2875 663 2939 Romani
680 2875 790 2939 Gotus
814 2876 880 2939 sibi
904 2875 1041 2958 aliquid
1060 2878 1186 2941 audeat
1209 2898 1382 2962 usurpare

254 2967 316 3028 aut
331 2965 516 3040 vindicare,
541 2965 607 3028 nisi
631 2964 722 3046 quod
746 2984 767 3027 a
789 2967 908 3028 nostra
923 2965 1071 3028 forsitan
1094 2966 1126 3030 ei
1148 2965 1257 3030 fuerit
1277 2967 1383 3051 largi·

252 3056 326 3117 tate
352 3053 534 3129 donatum3
565 3053 625 3117 sed
648 3053 740 3134 quod
764 3073 784 3115 a
807 3054 1008 3136 parentibus
1031 3055 1087 3118 vel
1110 3059 1157 3118 a⁸
1183 3055 1306 3118 vicinis
1332 3058 1383 3120 di·

253 3142 364 3205 visum
389 3146 450 3218 est,
475 3142 658 3225 posteritas
682 3142 854 3205 inmutare
878 3163 947 3205 non
970 3145 1105 3208 temtet.

641 3293 739 3350 vnn.
770 3294 983 3365 nurrouna.

253 3387 313 3452 De
344 3389 471 3452 silvis
502 3389 619 3452 inter
647 3387 804 3453 Gotum
833 3393 875 3454 et
902 3391 1136 3455 Romanum
1166 3391 1382 3458 indivisis

718 3478 905 3542 relictis.
1008 3527 1010 3530 ψ

360 3582 412 3646 De
429 3582 533 3659 silvis,
551 3604 617 3665 que
633 3584 779 3647 indivise
795 3584 943 3648 forsitan
958 3586 1162 3663 residerunt,
1180 3586 1250 3650 sive
1264 3585 1382 3653 Gotus

252 3671 322 3734 sive
345 3671 522 3735 Romanus
545 3672 611 3735 sibi
635 3692 692 3735 eas
716 3667 960 3751 adsumseritb,
990 3674 1113 3738 fecerit
1136 3674 1283 3739 fortasse
1307 3677 1382 3740 cul·

251 3761 357 3834 turas,
382 3760 577 3836 statuimus,
602 3762 651 3836 ut,
677 3761 706 3822 si
729 3761 843 3824 adhuc
868 3762 954 3825 silva
977 3766 1142 3846 superest,
1167 3764 1260 3826 unde
1284 3767 1382 3847 paris

359 3932 380 3977 e)
394 3930 507 3979 plantavit
521 3932 558 3969 vel
572 3929 593 3973 d.
608 3931 663 3971 fecit
676 3933 726 3974 122.
780 3929 803 3979 d)
817 3931 932 3980 possideat
945 3935 966 3972 B
975 3935 994 3976 2.
1049 3937 1070 3983 e)
1084 3935 1200 3974 nesciente
1213 3936 1261 3978 121.

252 4037 325 4076 tiones
339 3984 409 4074 uvass'
450 3986 472 4032 ⁸)
486 3985 542 4022 decet
556 3984 604 4027 122.
667 3985 690 4033 b)
706 3990 831 4024 consortem
847 3986 895 4028 R2.
957 3990 977 4036 c)
991 3988 1108 4028 nesciente
1121 3989 1170 4031 122.
1234 3987 1258 4036 d)
1275 3987 1382 4038 (lupum.

359 4091 421 4133 VIII.
462 4093 484 4139 a)
497 4092 554 4129 deest
568 4092 616 4133 Ra.
670 4091 693 4137 b)
708 4088 820 4131 divisione
834 4093 875 4140 (ita
884 4105 929 4142 pro
945 4091 967 4136 d.
981 4097 1018 4143 ne)
1032 4095 1079 4137 121,
1089 4095 1108 4137 2.
1163 4097 1183 4142 c)
1197 4095 1254 4134 dont
1268 4095 1316 4138 121.

359 4144 433 4188 V1111.
474 4147 496 4193 a)
510 4146 567 4183 deest
581 4145 629 4188 122.
683 4145 706 4192 b)
721 4146 752 4182 ito
766 4146 813 4187 121.
827 4146 851 4196 25
871 4153 895 4185 et
909 4148 960 4190 add.
974 4148 996 4186 E
1008 4152 1027 4186 et
1041 4151 1086 4189 cert.
1100 4148 1160 4190 codd.

251 4269 339 4392 11))θὲ
341 4270 385 4392 gd,
394 4269 464 4409 111αηῖ
475 4277 503 4395 e}
505 4277 641 4408 pesqqucntes
655 4271 721 4337 leyen
734 4270 826 4337 Dahn,
840 4271 963 4336 ‘Kdniqe’
978 4270 1041 4338 111²,
1057 4289 1086 4338 p.
1099 4273 1134 4327 55
1147 4288 1216 4339 sqq.;
1234 4273 1379 4345 Brunner,

289 4383 295 4396 .
368 4382 373 4396 .
418 4379 426 4407 ,
466 4383 472 4394 .
565 4383 571 4395 .
