3000 4934
240 345 293 399 114
439 340 517 396 LEX
535 339 651 395 VISIG.
668 337 939 394 Rsccnsslen.
973 337 1031 405 ΠΙ,
1047 344 1075 408 5,
1091 345 1119 396 ’2.
1136 345 1163 396 3.

239 524 439 589 violentiam
462 522 714 586 coniunctionis
736 521 892 585 indebite
915 522 988 585 sine
1011 523 1212 605 precedenti
1232 524 1291 588 rel
1315 546 1369 590 se

239 613 359 695 quenti
383 612 604 675 consensione
620 609 839 694 pertulerint.
885 610 1088 674 Sacerdotes
1101 633 1184 675 vero
1197 612 1255 676 rel
1275 613 1369 677 iudi-

240 721 310 777 ces,
349 701 378 763 si
411 700 498 763 talia
532 702 778 782 cognoscentes
810 698 932 761 ulcisci
965 699 1113 763 fortasse
1149 701 1366 771 distulerint,

239 790 361 872 quinas
384 789 460 851 auri
482 787 589 851 libras
611 787 694 850 fisco
710 790 879 869 cogantur
893 785 1060 850 exolvere.
1096 786 1198 866 Quod
1217 789 1248 851 si
1268 790 1368 854 forte

239 878 276 942 id
313 878 520 959 redarguere
553 874 766 951 volueriutss,
807 895 869 938 nec
908 876 1125 958 potuerintss,
1164 878 1256 959 regis
1295 879 1367 942 hoc

240 965 417 1030 auditibus
455 965 630 1027 insinuare
665 967 868 1047 procurent;
907 967 961 1027 ut.
1002 965 1095 1045 quod
1133 984 1252 1028 eorum
1291 987 1368 1029 non

240 1054 356 1138 potuit
384 1052 561 1116 vindicare
588 1052 775 1127 sententia,
811 1052 1012 1134 principalis
1045 1053 1187 1117 damnet
1220 1055 1367 1117 omnino

240 1162 393 1207 censura

452 1275 507 1332 111„
537 1273 707 1330 FLAVIUS
725 1272 1040 1330 GHINDASVINDUS
1058 1274 1146 1331 REX

240 1389 300 1453 De
334 1389 443 1473 viris
481 1391 524 1452 et
557 1386 819 1451 mulieribus
856 1389 1081 1450 tonsuram
1120 1393 1163 1452 et
1195 1394 1366 1455 vestem

465 1476 701 1558 religionis
731 1475 1131 1558 prevaricantibus.

346 1582 548 1666 Apostatice
579 1581 787 1645 calamitatis
817 1581 1039 1664 obprobrium
1069 1603 1110 1646 ex
1140 1584 1206 1646 hoc
1236 1585 1366 1650 merito

240 1671 400 1734 funditus
423 1670 589 1753 extirpari
611 1669 847 1752 conpellimur‚
872 1689 913 1733 ex
936 1690 1004 1752 quo
1027 1669 1141 1734 Deum
1163 1671 1264 1736 nobis
1287 1695 1366 1757 pro

241 1759 366 1844 pitium
395 1760 508 1822 forte²
535 1757 748 1822 confidimus.
799 1757 837 1820 si
866 1759 958 1821 enim
989 1779 1067 1822 cum
1096 1754 1260 1823 minimal'
1287 1783 1365 1845 pec·

240 1840 338 1913 catal
366 1846 578 1930 corrigimus,
609 1846 775 1930 pietatem
806 1847 879 1910 eius
908 1847 1132 1910 fauctricem⁰
1159 1849 1260 1912 nobis
1290 1851 1364 1913 effi·

240 1936 358 2014 cimus,
383 1938 513 2018 quanto
532 1935 650 2018 magis,
675 1935 704 1997 si
726 1928 872 1998 iscelus‘l
891 1935 928 1996 in
947 1935 1130 1999 divinitate
1153 1938 1365 2002 conmissum

240 2024 453 2090 severissima
491 2044 633 2088 censure
667 2023 778 2087 falce⁰
816 2023 1026 2087 recidimus?
1082 2024 1235 2108 Ideoque
1269 2021 1360 2091 haef

239 2115 276 2176 in
306 2115 512 2198 perpetuum
546 2133 708 2176 mansura
741 2111 817 2195 lege
850 2113 1034 2187 sancimus,
1067 2116 1121 2189 ut,
1153 2114 1363 2197 quicumque

239 2203 416 2287 religionis
452 2201 594 2265 abitum·
622 2221 684 2284 per
718 2199 982 2264 honorabilemg
1017 2203 1159 2265 tonsure
1194 2197 1360 2286 signumll

240 2295 302 2355 aut
330 2293 485 2373 tempore
515 2289 706 2373 penitentie
737 2289 886 2372 petendo
916 2290 1144 2372 susceperint,
1175 2294 1237 2353 aut
1266 2285 1357 2355 noni

240 2378 477 2454 fraudulenta,
514 2377 575 2441 sed
608 2378 666 2460 pia
697 2379 880 2460 parentum
915 2376 1126 2441 oblationem
1160 2380 1363 2455 meruerint,

241 2469 302 2530 aut
325 2465 462 2550 proprie
484 2465 686 2529 volumtatis
710 2466 891 2529 devotione
913 2466 1100 2542 tenuerint,
1130 2471 1166 2531 et
1193 2468 1237 2531 ad
1260 2468 1365 2532 laica-

240 2547 330 2620 lemk
350 2547 664 2618 conversationemk
682 2554 902 2637 postmodum
926 2549 1165 2637 apostizando¹
1181 2556 1363 2635 redierint,

239 2645 338 2707 iuxta
361 2643 533 2706 sententia
549 2663 719 2707 canonum
739 2643 784 2705 ad
800 2643 959 2706 eumdem
979 2643 1155 2726 religionis
1176 2645 1364 2709 ordinemm

240 2730 397 2815 quolibet
425 2734 652 2814 prosequente
679 2731 916 2794 reducanturn
943 2731 1053 2807 inviti,
1083 2733 1194 2815 adque
1215 2733 1364 2798 infamis

239 2823 324 2884 nota
352 2819 498 2903 respersi
528 2822 564 2884 et
592 2820 630 2882 in
660 2819 875 2883 monasteriis
906 2820 1104 2902 perenniter
1133 2821 1281 2904 religati,
1314 2823 1364 2885 di-

240 2907 407 2973 strictiori
440 2911 658 2972 macerentur
692 2908 887 2991 penitentia
921 2908 1125 2991 oorrigendi.
1178 2909 1256 2973 Illis
1286 2913 1364 2974 tan-

239 3001 315 3061 tum
339 2996 508 3081 supplicio
532 2996 725 3061 severitatis
748 2996 851 3059 huius
874 2997 1022 3073 indulto,
1051 3017 1136 3079 quos
1164 3001 1225 3061 aut
1248 2998 1364 3064 aliene

239 3086 373 3150 fraudis
396 3085 509 3168 coegit
532 3084 692 3168 inpulsio,
722 3087 783 3147 aut
807 3085 851 3147 ad
875 3084 1006 3148 ordinis
1029 3086 1145 3150 omissi
1167 3107 1364 3170 regressum

238 3174 440 3240 volumtatis
470 3173 608 3257 proprie
637 3173 813 3238 reduxerit
842 3176 978 3250 votum;
1010 3173 1040 3236 si
1068 3176 1186 3239 tamen
1214 3195 1277 3240 nec
1308 3177 1365 3240 vir

239 3263 425 3328 secundam
440 3282 590 3338 uxorem,
614 3281 678 3326 nec
702 3261 826 3326 mulier
849 3263 1012 3325 maritum
1034 3261 1183 3326 alterum
1199 3264 1364 3329 habuisse

240 3352 424 3436 detegitur.
470 3350 556 3414 Illos
580 3351 685 3415 etiam
709 3350 752 3414 ab
771 3351 837 3414 hac
860 3351 1088 3414 senteutiam⁰
1108 3352 1266 3416 inmunes
1289 3353 1365 3417 effi-

240 3442 361 3517 cimus,
397 3440 456 3523 qui
491 3440 540 3503 sio
573 3440 805 3503 invalescente
837 3439 979 3523 langore
1010 3439 1055 3502 ad
1084 3441 1274 3523 penitentie
1304 3441 1364 3506 vel

238 3532 380 3593 tonsure
414 3528 635 3612 pervenerint
665 3527 826 3604 ordinem,
861 3531 903 3590 ut
932 3528 969 3590 id
1000 3533 1061 3591 sel
1095 3549 1158 3593 neo
1189 3529 1364 3612 accepisse

239 3620 323 3681 tunc
353 3617 513 3680 noverint
541 3636 605 3680 nec
635 3615 761 3699 petisse
790 3616 1018 3680 meminerint.
1065 3616 1364 3682 Prevaricantium

239 3725 319 3770 vero
350 3704 440 3768 bona
470 3725 588 3768 eorum
617 3703 697 3767 filiis
728 3706 789 3767 aut
818 3705 1019 3788 propinquis
1053 3706 1119 3770 hac
1154 3706 1364 3770 discretione

239 3794 445 3878 pertineant,
475 3796 516 3855 ut
538 3793 590 3856 vir
613 3792 744 3857 habens
767 3813 918 3870 uxorem,
951 3794 980 3857 si
1001 3794 1091 3857 filios
1115 3795 1220 3858 etiam
1243 3812 1284 3859 ex
1308 3814 1363 3858 ea·

240 3883 318 3947 dem
349 3881 485 3945 abuerit
515 3883 550 3946 et
581 3882 747 3946 donatum
776 3880 907 3964 aliquid
932 3882 974 3946 ab
998 3883 1074 3966 ipsa
1097 3883 1299 3966 perceperit,
1332 3884 1364 3945 si

346 4057 368 4103 3)
382 4054 497 4095 noluerlut
511 4065 556 4103 pro
570 4066 592 4096 v.
606 4065 648 4095 uec
662 4059 708 4103 pot.
722 4054 769 4097 121.

347 4108 388 4149 111.
428 4108 620 4157 a)ltuRl.El;
642 4107 759 4149 dusth.
813 4107 836 4155 b)
850 4106 920 4147 nimis
934 4118 1002 4157 pecca
1015 4107 1062 4150 131.
1116 4107 1363 4159 ouauctnsemm,

239 4160 357 4202 fautricem
372 4160 417 4202 Bt.
473 4158 496 4206 d)
510 4161 654 4202 raoulusltt.
710 4163 731 4207 s)
745 4160 801 4200 false
810 4158 994 4202 recedimusRl.
1049 4161 1139 4208 ohanc
1152 4161 1199 4202 ΕΙ.
1253 4162 1276 4210 g)
1290 4160 1365 4200 hono-

239 4214 311 4253 rabile
325 4215 370 4256 Rl.
452 4215 476 4262 h)
489 4214 629 4263 signaculum
643 4214 691 4255 ΒΞ.
772 4214 789 4261 i)
803 4214 860 4253 deest
874 4214 920 4255 121.
994 4213 1018 4262 k)
1032 4214 1112 4254 laicale
1125 4213 1298 4254 conversatione
1313 4214 1362 4257 121.

239 4267 256 4315 l)
269 4268 302 4305 lta
315 4268 350 4306 ls'c
363 4272 382 4306 et
396 4268 459 4315 lutra
473 4268 553 4318 Μὴ
569 4264 739 4316 apostatizando
754 4270 799 4309 cen.
849 4268 879 4317 m)
894 4264 1012 4306 hordluem
1026 4268 1072 4310 Ra.
1120 4271 1144 4316 n)
1158 4265 1299 4307 deducantur
1313 4267 1363 4311 131.

239 4324 262 4368 o)
276 4321 392 4365 sententia
403 4321 449 4364 Bt,
503 4322 526 4370 p)
540 4321 588 4370 lpse
603 4321 649 4364 121.
