<?xml version="1.0" encoding="UTF-8"?>
<!DOCTYPE html PUBLIC "-//W3C//DTD XHTML 1.0 Transitional//EN"
    "http://www.w3.org/TR/xhtml1/DTD/xhtml1-transitional.dtd">
<html xmlns="http://www.w3.org/1999/xhtml" xml:lang="en" lang="en">
 <head>
  <title>
</title>
<meta http-equiv="Content-Type" content="text/html;charset=utf-8" />
  <meta name='ocr-system' content='tesseract 3.04.00' />
  <meta name='ocr-capabilities' content='ocr_page ocr_carea ocr_par ocr_line ocrx_word'/>
</head>
<body>
  <div class='ocr_page' id='page_1' title='image "./fontesiurisgerm01unkngoog_0220.png"; bbox 0 0 3000 4934; ppageno 0'>
   <div class='ocr_carea' id='block_1_1' title="bbox 349 365 1278 433">
    <p class='ocr_par' dir='ltr' id='par_1_1' title="bbox 349 365 1278 433">
     <span class='ocr_line' id='line_1_1' title="bbox 349 365 1278 433; baseline -0.004 -11"><span class='ocrx_word' id='word_1_1' title='bbox 349 367 427 422; x_wconf 83' lang='lat' dir='ltr'>LEX</span> <span class='ocrx_word' id='word_1_2' title='bbox 445 367 561 423; x_wconf 85' lang='lat' dir='ltr'><strong>VISIG.</strong></span> <span class='ocrx_word' id='word_1_3' title='bbox 580 365 850 422; x_wconf 67' lang='lat' dir='ltr'>sucessuum).</span> <span class='ocrx_word' id='word_1_4' title='bbox 887 365 939 433; x_wconf 84' lang='lat' dir='ltr'>VI,</span> <span class='ocrx_word' id='word_1_5' title='bbox 958 368 984 431; x_wconf 86' lang='lat'>4,</span> <span class='ocrx_word' id='word_1_6' title='bbox 1004 367 1028 420; x_wconf 93' lang='lat'>1.</span> <span class='ocrx_word' id='word_1_7' title='bbox 1047 368 1072 419; x_wconf 78' lang='lat'>2.</span> <span class='ocrx_word' id='word_1_8' title='bbox 1225 365 1278 419; x_wconf 82' lang='lat'>185</span> 
     </span>
    </p>
   </div>
   <div class='ocr_carea' id='block_1_2' title="bbox 154 547 1276 617">
    <p class='ocr_par' dir='ltr' id='par_1_2' title="bbox 154 547 1276 617">
     <span class='ocr_line' id='line_1_2' title="bbox 154 547 1276 617; baseline -0.004 -2"><span class='ocrx_word' id='word_1_9' title='bbox 154 553 243 615; x_wconf 91' lang='lat' dir='ltr'><strong>IIII.</strong></span> <span class='ocrx_word' id='word_1_10' title='bbox 257 551 469 617; x_wconf 82' lang='lat' dir='ltr'><strong>TITULUS:</strong></span> <span class='ocrx_word' id='word_1_11' title='bbox 495 550 558 614; x_wconf 78' lang='lat' dir='ltr'>DE</span> <span class='ocrx_word' id='word_1_12' title='bbox 575 548 795 614; x_wconf 72' lang='lat' dir='ltr'><strong>VULNIIRII</strong></span> <span class='ocrx_word' id='word_1_13' title='bbox 816 548 874 612; x_wconf 82' lang='lat' dir='ltr'>ET</span> <span class='ocrx_word' id='word_1_14' title='bbox 892 547 1276 613; x_wconf 78' lang='lat' dir='ltr'><strong>DEBILITATIONE.</strong></span> 
     </span>
    </p>
   </div>
   <div class='ocr_carea' id='block_1_3' title="bbox 154 674 1279 1983">
    <p class='ocr_par' dir='ltr' id='par_1_3' title="bbox 246 674 960 758">
     <span class='ocr_line' id='line_1_3' title="bbox 246 674 960 758; baseline -0.01 -17"><span class='ocrx_word' id='word_1_15' title='bbox 246 677 276 741; x_wconf 93' lang='lat' dir='ltr'>I.</span> <span class='ocrx_word' id='word_1_16' title='bbox 313 676 366 742; x_wconf 89' lang='lat' dir='ltr'>De</span> <span class='ocrx_word' id='word_1_17' title='bbox 390 676 533 741; x_wconf 88' lang='lat' dir='ltr'>cedibus</span> <span class='ocrx_word' id='word_1_18' title='bbox 556 675 700 758; x_wconf 84' lang='lat' dir='ltr'>ingenui</span> <span class='ocrx_word' id='word_1_19' title='bbox 724 675 836 756; x_wconf 81' lang='lat' dir='ltr'>adque</span> <span class='ocrx_word' id='word_1_20' title='bbox 860 674 960 738; x_wconf 88' lang='lat' dir='ltr'>servi.</span> 
     </span>
    </p>

    <p class='ocr_par' dir='ltr' id='par_1_4' title="bbox 200 762 1278 1026">
     <span class='ocr_line' id='line_1_4' title="bbox 227 762 1195 849; baseline -0.007 -21"><span class='ocrx_word' id='word_1_21' title='bbox 227 766 276 828; x_wconf 94' lang='grc' dir='ltr'>ΙΙ.</span> <span class='ocrx_word' id='word_1_22' title='bbox 313 765 366 831; x_wconf 89' lang='lat' dir='ltr'>De</span> <span class='ocrx_word' id='word_1_23' title='bbox 389 763 663 849; x_wconf 89' lang='lat' dir='ltr'>presumtoribus</span> <span class='ocrx_word' id='word_1_24' title='bbox 687 766 723 828; x_wconf 93' lang='lat' dir='ltr'>et</span> <span class='ocrx_word' id='word_1_25' title='bbox 746 762 907 847; x_wconf 83' lang='lat' dir='ltr'><strong>operibus</strong></span> <span class='ocrx_word' id='word_1_26' title='bbox 930 764 1195 845; x_wconf 88' lang='lat' dir='ltr'>presumtorum.</span> 
     </span>
     <span class='ocr_line' id='line_1_5' title="bbox 207 843 1278 934; baseline -0.005 -17"><span class='ocrx_word' id='word_1_27' title='bbox 207 855 277 918; x_wconf 93' lang='grc' dir='ltr'><strong>ΙΙΙ.</strong></span> <span class='ocrx_word' id='word_1_28' title='bbox 313 854 366 918; x_wconf 84' lang='grc' dir='ltr'>ΒΘ</span> <span class='ocrx_word' id='word_1_29' title='bbox 393 854 571 918; x_wconf 87' lang='lat' dir='ltr'>reddendo</span> <span class='ocrx_word' id='word_1_30' title='bbox 601 852 795 917; x_wconf 71' lang='lat' dir='ltr'>talionem²</span> <span class='ocrx_word' id='word_1_31' title='bbox 827 854 862 916; x_wconf 89' lang='lat' dir='ltr'>et</span> <span class='ocrx_word' id='word_1_32' title='bbox 890 843 1162 934; x_wconf 79' lang='lat' dir='ltr'>conpositionisb</span> <span class='ocrx_word' id='word_1_33' title='bbox 1190 870 1278 914; x_wconf 84' lang='lat' dir='ltr'>surn-</span> 
     </span>
     <span class='ocr_line' id='line_1_6' title="bbox 200 933 1022 1026; baseline -0.009 -20"><span class='ocrx_word' id='word_1_34' title='bbox 200 969 203 972; x_wconf 59' lang='grc'>’</span> <span class='ocrx_word' id='word_1_35' title='bbox 241 1002 244 1007; x_wconf 91' lang='grc'><em>,</em></span> <span class='ocrx_word' id='word_1_36' title='bbox 312 948 423 1006; x_wconf 78' lang='lat' dir='ltr'>mum⁰</span> <span class='ocrx_word' id='word_1_37' title='bbox 452 937 536 1026; x_wconf 77' lang='lat' dir='ltr'>prod</span> <span class='ocrx_word' id='word_1_38' title='bbox 562 963 633 1005; x_wconf 90' lang='lat' dir='ltr'>non</span> <span class='ocrx_word' id='word_1_39' title='bbox 655 941 833 1006; x_wconf 85' lang='lat' dir='ltr'>reddendo</span> <span class='ocrx_word' id='word_1_40' title='bbox 855 933 1022 1003; x_wconf 67' lang='lat' dir='ltr'>talionel.</span> 
     </span>
    </p>

    <p class='ocr_par' dir='ltr' id='par_1_5' title="bbox 186 1027 1277 1185">
     <span class='ocr_line' id='line_1_7' title="bbox 186 1027 1277 1113; baseline -0.004 -19"><span class='ocrx_word' id='word_1_41' title='bbox 186 1032 277 1096; x_wconf 91' lang='lat' dir='ltr'><strong>IIII.</strong></span> <span class='ocrx_word' id='word_1_42' title='bbox 313 1031 351 1095; x_wconf 78' lang='lat' dir='ltr'>Si</span> <span class='ocrx_word' id='word_1_43' title='bbox 380 1033 604 1096; x_wconf 81' lang='lat' dir='ltr'>itinerantem</span> <span class='ocrx_word' id='word_1_44' title='bbox 634 1031 710 1113; x_wconf 87' lang='lat' dir='ltr'>quis</span> <span class='ocrx_word' id='word_1_45' title='bbox 739 1028 924 1093; x_wconf 72' lang='lat' dir='ltr'>retinuerit</span> <span class='ocrx_word' id='word_1_46' title='bbox 953 1027 1136 1092; x_wconf 80' lang='lat' dir='ltr'>iniuriose⁰</span> <span class='ocrx_word' id='word_1_47' title='bbox 1165 1028 1277 1111; x_wconf 86' lang='lat' dir='ltr'>adque</span> 
     </span>
     <span class='ocr_line' id='line_1_8' title="bbox 313 1120 483 1185; baseline 0 -3"><span class='ocrx_word' id='word_1_48' title='bbox 313 1120 483 1185; x_wconf 85' lang='lat' dir='ltr'>nolenter.</span> 
     </span>
    </p>

    <p class='ocr_par' dir='ltr' id='par_1_6' title="bbox 235 1204 1279 1291">
     <span class='ocr_line' id='line_1_9' title="bbox 235 1204 1279 1291; baseline -0.005 -18"><span class='ocrx_word' id='word_1_49' title='bbox 235 1209 277 1273; x_wconf 86' lang='lat' dir='ltr'>V.</span> <span class='ocrx_word' id='word_1_50' title='bbox 312 1208 363 1273; x_wconf 90' lang='lat' dir='ltr'>Ut</span> <span class='ocrx_word' id='word_1_51' title='bbox 386 1209 445 1291; x_wconf 90' lang='lat' dir='ltr'>qui</span> <span class='ocrx_word' id='word_1_52' title='bbox 469 1208 572 1272; x_wconf 82' lang='lat' dir='ltr'>alteri</span> <span class='ocrx_word' id='word_1_53' title='bbox 594 1226 636 1271; x_wconf 81' lang='lat' dir='ltr'>ee</span> <span class='ocrx_word' id='word_1_54' title='bbox 657 1206 828 1281; x_wconf 84' lang='lat' dir='ltr'>intulerit,</span> <span class='ocrx_word' id='word_1_55' title='bbox 853 1224 920 1288; x_wconf 87' lang='lat' dir='ltr'>que</span> <span class='ocrx_word' id='word_1_56' title='bbox 943 1204 1079 1288; x_wconf 86' lang='lat' dir='ltr'>legibus</span> <span class='ocrx_word' id='word_1_57' title='bbox 1099 1225 1170 1269; x_wconf 94' lang='lat' dir='ltr'>non</span> <span class='ocrx_word' id='word_1_58' title='bbox 1185 1208 1279 1268; x_wconf 76' lang='lat' dir='ltr'>tene</span> 
     </span>
    </p>

    <p class='ocr_par' dir='ltr' id='par_1_7' title="bbox 312 1289 1218 1379">
     <span class='ocr_line' id='line_1_10' title="bbox 312 1289 1218 1379; baseline -0.007 -19"><span class='ocrx_word' id='word_1_59' title='bbox 312 1289 406 1374; x_wconf 73' lang='lat' dir='ltr'>turf,</span> <span class='ocrx_word' id='word_1_60' title='bbox 430 1296 520 1360; x_wconf 71' lang='lat' dir='ltr'>illass</span> <span class='ocrx_word' id='word_1_61' title='bbox 545 1295 701 1379; x_wconf 77' lang='lat' dir='ltr'>recipiat,</span> <span class='ocrx_word' id='word_1_62' title='bbox 726 1314 793 1377; x_wconf 89' lang='lat' dir='ltr'>que</span> <span class='ocrx_word' id='word_1_63' title='bbox 815 1294 939 1359; x_wconf 80' lang='lat' dir='ltr'>fecisse</span> <span class='ocrx_word' id='word_1_64' title='bbox 964 1293 1218 1357; x_wconf 71' lang='lat' dir='ltr'>convinciturss.</span> 
     </span>
    </p>

    <p class='ocr_par' dir='ltr' id='par_1_8' title="bbox 217 1381 1279 1468">
     <span class='ocr_line' id='line_1_11' title="bbox 217 1381 1279 1468; baseline -0.005 -19"><span class='ocrx_word' id='word_1_65' title='bbox 217 1386 277 1449; x_wconf 93' lang='lat' dir='ltr'>VI.</span> <span class='ocrx_word' id='word_1_66' title='bbox 314 1385 368 1449; x_wconf 89' lang='lat' dir='ltr'>Ne</span> <span class='ocrx_word' id='word_1_67' title='bbox 399 1385 445 1449; x_wconf 86' lang='lat' dir='ltr'>sit</span> <span class='ocrx_word' id='word_1_68' title='bbox 473 1404 566 1462; x_wconf 82' lang='lat' dir='ltr'>reus,</span> <span class='ocrx_word' id='word_1_69' title='bbox 598 1383 658 1467; x_wconf 92' lang='lat' dir='ltr'>qui</span> <span class='ocrx_word' id='word_1_70' title='bbox 687 1387 866 1468; x_wconf 87' lang='lat' dir='ltr'>percutere</span> <span class='ocrx_word' id='word_1_71' title='bbox 889 1381 1066 1447; x_wconf 87' lang='lat' dir='ltr'>volentem</span> <span class='ocrx_word' id='word_1_72' title='bbox 1095 1385 1177 1445; x_wconf 85' lang='lat' dir='ltr'>ante</span> <span class='ocrx_word' id='word_1_73' title='bbox 1206 1400 1279 1465; x_wconf 91' lang='lat' dir='ltr'>per-</span> 
     </span>
    </p>

    <p class='ocr_par' dir='ltr' id='par_1_9' title="bbox 154 1474 1139 1983">
     <span class='ocr_line' id='line_1_12' title="bbox 315 1474 470 1538; baseline -0.006 -2"><span class='ocrx_word' id='word_1_74' title='bbox 315 1474 470 1538; x_wconf 87' lang='lat' dir='ltr'>eusserit.</span> 
     </span>
     <span class='ocr_line' id='line_1_13' title="bbox 196 1559 1100 1645; baseline -0.006 -20"><span class='ocrx_word' id='word_1_75' title='bbox 196 1563 278 1626; x_wconf 90' lang='lat' dir='ltr'><strong>VII.</strong></span> <span class='ocrx_word' id='word_1_76' title='bbox 315 1561 353 1626; x_wconf 82' lang='lat' dir='ltr'>Si</span> <span class='ocrx_word' id='word_1_77' title='bbox 376 1582 494 1628; x_wconf 85' lang='lat' dir='ltr'>servus</span> <span class='ocrx_word' id='word_1_78' title='bbox 516 1562 668 1645; x_wconf 85' lang='lat' dir='ltr'>ingenuo</span> <span class='ocrx_word' id='word_1_79' title='bbox 691 1561 816 1626; x_wconf 86' lang='lat' dir='ltr'>fecerit</span> <span class='ocrx_word' id='word_1_80' title='bbox 839 1559 1100 1626; x_wconf 85' lang='lat' dir='ltr'>contumelium.</span> 
     </span>
     <span class='ocr_line' id='line_1_14' title="bbox 176 1641 996 1735; baseline -0.005 -20"><span class='ocrx_word' id='word_1_81' title='bbox 176 1651 278 1715; x_wconf 87' lang='lat' dir='ltr'><strong>VIII.</strong></span> <span class='ocrx_word' id='word_1_82' title='bbox 315 1650 352 1715; x_wconf 80' lang='lat' dir='ltr'>si</span> <span class='ocrx_word' id='word_1_83' title='bbox 373 1651 547 1735; x_wconf 84' lang='lat' dir='ltr'>ingenuus</span> <span class='ocrx_word' id='word_1_84' title='bbox 570 1650 760 1734; x_wconf 85' lang='lat' dir='ltr'>ingenuum</span> <span class='ocrx_word' id='word_1_85' title='bbox 783 1641 996 1734; x_wconf 71' lang='lat' dir='ltr'>percutintl.</span> 
     </span>
     <span class='ocr_line' id='line_1_15' title="bbox 154 1737 1139 1824; baseline -0.004 -21"><span class='ocrx_word' id='word_1_86' title='bbox 154 1740 276 1804; x_wconf 92' lang='lat' dir='ltr'><strong>VIIII.</strong></span> <span class='ocrx_word' id='word_1_87' title='bbox 313 1739 350 1805; x_wconf 80' lang='lat' dir='ltr'>si</span> <span class='ocrx_word' id='word_1_88' title='bbox 374 1740 417 1804; x_wconf 78' lang='lat' dir='ltr'>ab</span> <span class='ocrx_word' id='word_1_89' title='bbox 440 1739 592 1824; x_wconf 85' lang='lat' dir='ltr'>ingenuo</span> <span class='ocrx_word' id='word_1_90' title='bbox 616 1758 733 1804; x_wconf 84' lang='lat' dir='ltr'>servus</span> <span class='ocrx_word' id='word_1_91' title='bbox 757 1738 963 1804; x_wconf 75' lang='lat' dir='ltr'>debilitetur</span> <span class='ocrx_word' id='word_1_92' title='bbox 985 1737 1139 1801; x_wconf 79' lang='lat' dir='ltr'>alterius.</span> 
     </span>
     <span class='ocr_line' id='line_1_16' title="bbox 232 1828 911 1912; baseline -0.001 -20"><span class='ocrx_word' id='word_1_93' title='bbox 232 1830 275 1892; x_wconf 93' lang='lat' dir='ltr'>X.</span> <span class='ocrx_word' id='word_1_94' title='bbox 312 1830 349 1894; x_wconf 81' lang='lat' dir='ltr'>Si</span> <span class='ocrx_word' id='word_1_95' title='bbox 372 1848 490 1894; x_wconf 86' lang='lat' dir='ltr'>servus</span> <span class='ocrx_word' id='word_1_96' title='bbox 512 1830 704 1912; x_wconf 85' lang='lat' dir='ltr'>ingenuum</span> <span class='ocrx_word' id='word_1_97' title='bbox 726 1828 911 1912; x_wconf 81' lang='lat' dir='ltr'>percutiat.</span> 
     </span>
     <span class='ocr_line' id='line_1_17' title="bbox 211 1916 1022 1983; baseline -0.005 -2"><span class='ocrx_word' id='word_1_98' title='bbox 211 1918 275 1981; x_wconf 91' lang='lat' dir='ltr'>XI.</span> <span class='ocrx_word' id='word_1_99' title='bbox 312 1918 349 1982; x_wconf 82' lang='lat' dir='ltr'>Si</span> <span class='ocrx_word' id='word_1_100' title='bbox 372 1938 490 1982; x_wconf 87' lang='lat' dir='ltr'>servus</span> <span class='ocrx_word' id='word_1_101' title='bbox 514 1938 650 1983; x_wconf 89' lang='lat' dir='ltr'>servum</span> <span class='ocrx_word' id='word_1_102' title='bbox 674 1916 836 1982; x_wconf 86' lang='lat' dir='ltr'>debilitet</span> <span class='ocrx_word' id='word_1_103' title='bbox 859 1916 1022 1982; x_wconf 79' lang='lat' dir='ltr'>alienum.</span> 
     </span>
    </p>
   </div>
   <div class='ocr_carea' id='block_1_4' title="bbox 376 2085 1045 2145">
    <p class='ocr_par' dir='ltr' id='par_1_10' title="bbox 376 2085 1045 2145">
     <span class='ocr_line' id='line_1_18' title="bbox 376 2085 1045 2145; baseline -0.003 -2"><span class='ocrx_word' id='word_1_104' title='bbox 376 2089 401 2145; x_wconf 92' lang='grc' dir='ltr'>Ι.</span> <span class='ocrx_word' id='word_1_105' title='bbox 432 2087 603 2145; x_wconf 76' lang='lat' dir='ltr'><strong>FLAVIUS</strong></span> <span class='ocrx_word' id='word_1_106' title='bbox 623 2085 940 2141; x_wconf 78' lang='lat' dir='ltr'><strong>OHINDASVINDUS</strong></span> <span class='ocrx_word' id='word_1_107' title='bbox 957 2085 1045 2141; x_wconf 84' lang='lat' dir='ltr'><strong>REX.</strong></span> 
     </span>
    </p>
   </div>
   <div class='ocr_carea' id='block_1_5' title="bbox 152 2198 1280 3280">
    <p class='ocr_par' dir='ltr' id='par_1_11' title="bbox 314 2198 1117 2285">
     <span class='ocr_line' id='line_1_19' title="bbox 314 2198 1117 2285; baseline -0.005 -20"><span class='ocrx_word' id='word_1_108' title='bbox 314 2202 374 2267; x_wconf 93' lang='lat' dir='ltr'>De</span> <span class='ocrx_word' id='word_1_109' title='bbox 403 2202 585 2267; x_wconf 87' lang='lat' dir='ltr'>oedibus</span> <span class='ocrx_word' id='word_1_110' title='bbox 613 2200 797 2285; x_wconf 88' lang='lat' dir='ltr'>ingenui</span> <span class='ocrx_word' id='word_1_111' title='bbox 825 2201 963 2282; x_wconf 78' lang='lat' dir='ltr'>adque</span> <span class='ocrx_word' id='word_1_112' title='bbox 991 2198 1117 2263; x_wconf 85' lang='lat' dir='ltr'>servi.</span> 
     </span>
    </p>

    <p class='ocr_par' dir='ltr' id='par_1_12' title="bbox 152 2305 1280 3280">
     <span class='ocr_line' id='line_1_20' title="bbox 261 2305 1280 2391; baseline -0.006 -18"><span class='ocrx_word' id='word_1_113' title='bbox 261 2308 298 2373; x_wconf 80' lang='lat' dir='ltr'>Si</span> <span class='ocrx_word' id='word_1_114' title='bbox 320 2309 493 2391; x_wconf 86' lang='lat' dir='ltr'>ingenuus</span> <span class='ocrx_word' id='word_1_115' title='bbox 515 2308 707 2391; x_wconf 85' lang='lat' dir='ltr'>ingenuum</span> <span class='ocrx_word' id='word_1_116' title='bbox 722 2306 879 2390; x_wconf 88' lang='lat' dir='ltr'>quolibet</span> <span class='ocrx_word' id='word_1_117' title='bbox 901 2306 1002 2371; x_wconf 91' lang='lat' dir='ltr'>hictu</span> <span class='ocrx_word' id='word_1_118' title='bbox 1023 2306 1060 2368; x_wconf 91' lang='lat' dir='ltr'>in</span> <span class='ocrx_word' id='word_1_119' title='bbox 1077 2305 1191 2389; x_wconf 81' lang='lat' dir='ltr'>cupite</span> <span class='ocrx_word' id='word_1_120' title='bbox 1206 2325 1280 2389; x_wconf 87' lang='lat' dir='ltr'>per·</span> 
     </span>
     <span class='ocr_line' id='line_1_21' title="bbox 154 2393 1280 2482; baseline -0.004 -21"><span class='ocrx_word' id='word_1_121' title='bbox 154 2398 307 2475; x_wconf 83' lang='lat' dir='ltr'>cusserit,</span> <span class='ocrx_word' id='word_1_122' title='bbox 338 2417 401 2482; x_wconf 88' lang='lat' dir='ltr'>pro</span> <span class='ocrx_word' id='word_1_123' title='bbox 431 2397 541 2462; x_wconf 87' lang='lat' dir='ltr'>libore</span> <span class='ocrx_word' id='word_1_124' title='bbox 571 2398 631 2461; x_wconf 85' lang='lat' dir='ltr'>dot</span> <span class='ocrx_word' id='word_1_125' title='bbox 661 2396 789 2461; x_wconf 83' lang='lat' dir='ltr'>solidos</span> <span class='ocrx_word' id='word_1_126' title='bbox 811 2408 849 2473; x_wconf 90' lang='lat' dir='ltr'>V,</span> <span class='ocrx_word' id='word_1_127' title='bbox 880 2416 942 2481; x_wconf 89' lang='lat' dir='ltr'>pro</span> <span class='ocrx_word' id='word_1_128' title='bbox 973 2397 1053 2461; x_wconf 85' lang='lat' dir='ltr'>oute</span> <span class='ocrx_word' id='word_1_129' title='bbox 1075 2399 1181 2480; x_wconf 82' lang='lat' dir='ltr'>rupta</span> <span class='ocrx_word' id='word_1_130' title='bbox 1203 2393 1280 2459; x_wconf 90' lang='lat' dir='ltr'>soli-</span> 
     </span>
     <span class='ocr_line' id='line_1_22' title="bbox 155 2477 1280 2570; baseline -0.003 -20"><span class='ocrx_word' id='word_1_131' title='bbox 155 2487 215 2550; x_wconf 86' lang='lat' dir='ltr'>dos</span> <span class='ocrx_word' id='word_1_132' title='bbox 243 2495 285 2562; x_wconf 84' lang='lat' dir='ltr'>X,</span> <span class='ocrx_word' id='word_1_133' title='bbox 318 2507 380 2570; x_wconf 87' lang='lat' dir='ltr'>pro</span> <span class='ocrx_word' id='word_1_134' title='bbox 410 2486 540 2570; x_wconf 53' lang='lat' dir='ltr'>plagata</span> <span class='ocrx_word' id='word_1_135' title='bbox 573 2504 682 2568; x_wconf 84' lang='lat' dir='ltr'>usque</span> <span class='ocrx_word' id='word_1_136' title='bbox 713 2486 758 2548; x_wconf 79' lang='lat' dir='ltr'>sd</span> <span class='ocrx_word' id='word_1_137' title='bbox 787 2477 927 2549; x_wconf 69' lang='lat' dir='ltr'>ossuml</span> <span class='ocrx_word' id='word_1_138' title='bbox 961 2484 1089 2550; x_wconf 86' lang='lat' dir='ltr'>solidos</span> <span class='ocrx_word' id='word_1_139' title='bbox 1116 2495 1186 2561; x_wconf 78' lang='lat' dir='ltr'>XX,</span> <span class='ocrx_word' id='word_1_140' title='bbox 1216 2505 1280 2569; x_wconf 87' lang='lat' dir='ltr'>pro</span> 
     </span>
     <span class='ocr_line' id='line_1_23' title="bbox 154 2573 1280 2658; baseline 0 -20"><span class='ocrx_word' id='word_1_141' title='bbox 154 2595 229 2640; x_wconf 87' lang='lat' dir='ltr'>osso</span> <span class='ocrx_word' id='word_1_142' title='bbox 256 2575 370 2640; x_wconf 82' lang='lat' dir='ltr'>fracto</span> <span class='ocrx_word' id='word_1_143' title='bbox 398 2575 525 2640; x_wconf 87' lang='lat' dir='ltr'>solidos</span> <span class='ocrx_word' id='word_1_144' title='bbox 549 2585 580 2640; x_wconf 81' lang='lat'>0.</span> <span class='ocrx_word' id='word_1_145' title='bbox 629 2573 730 2654; x_wconf 85' lang='lat' dir='ltr'>Quod</span> <span class='ocrx_word' id='word_1_146' title='bbox 758 2575 787 2638; x_wconf 91' lang='lat' dir='ltr'>si</span> <span class='ocrx_word' id='word_1_147' title='bbox 816 2575 989 2658; x_wconf 85' lang='lat' dir='ltr'>ingenuus</span> <span class='ocrx_word' id='word_1_148' title='bbox 1019 2575 1086 2639; x_wconf 89' lang='lat' dir='ltr'>hoo</span> <span class='ocrx_word' id='word_1_149' title='bbox 1115 2574 1154 2638; x_wconf 93' lang='lat' dir='ltr'>in</span> <span class='ocrx_word' id='word_1_150' title='bbox 1182 2594 1280 2640; x_wconf 84' lang='lat' dir='ltr'>servo</span> 
     </span>
     <span class='ocr_line' id='line_1_24' title="bbox 154 2663 1280 2748; baseline 0.002 -22"><span class='ocrx_word' id='word_1_151' title='bbox 154 2663 267 2729; x_wconf 80' lang='lat' dir='ltr'>alieno</span> <span class='ocrx_word' id='word_1_152' title='bbox 302 2665 514 2742; x_wconf 77' lang='lat' dir='ltr'>comiserit,</span> <span class='ocrx_word' id='word_1_153' title='bbox 554 2664 779 2728; x_wconf 76' lang='lat' dir='ltr'>medietatem</span> <span class='ocrx_word' id='word_1_154' title='bbox 814 2664 998 2748; x_wconf 87' lang='lat' dir='ltr'>superioris</span> <span class='ocrx_word' id='word_1_155' title='bbox 1033 2664 1280 2748; x_wconf 75' lang='lat' dir='ltr'>conpositionis</span> 
     </span>
     <span class='ocr_line' id='line_1_25' title="bbox 154 2751 1280 2831; baseline 0 -14"><span class='ocrx_word' id='word_1_156' title='bbox 154 2753 300 2817; x_wconf 77' lang='lat' dir='ltr'>exolvat.</span> <span class='ocrx_word' id='word_1_157' title='bbox 352 2752 390 2817; x_wconf 82' lang='lat' dir='ltr'>Si</span> <span class='ocrx_word' id='word_1_158' title='bbox 419 2773 500 2819; x_wconf 88' lang='lat' dir='ltr'>vero</span> <span class='ocrx_word' id='word_1_159' title='bbox 530 2773 648 2819; x_wconf 87' lang='lat' dir='ltr'>servus</span> <span class='ocrx_word' id='word_1_160' title='bbox 677 2753 716 2816; x_wconf 92' lang='lat' dir='ltr'>in</span> <span class='ocrx_word' id='word_1_161' title='bbox 746 2772 844 2818; x_wconf 87' lang='lat' dir='ltr'>servo</span> <span class='ocrx_word' id='word_1_162' title='bbox 874 2753 941 2817; x_wconf 89' lang='lat' dir='ltr'>hoc</span> <span class='ocrx_word' id='word_1_163' title='bbox 969 2751 1107 2831; x_wconf 79' lang='lat' dir='ltr'>fecerit,</span> <span class='ocrx_word' id='word_1_164' title='bbox 1138 2752 1280 2818; x_wconf 81' lang='lat' dir='ltr'>tertiam</span> 
     </span>
     <span class='ocr_line' id='line_1_26' title="bbox 153 2840 1279 2927; baseline -0.001 -22"><span class='ocrx_word' id='word_1_165' title='bbox 153 2843 306 2907; x_wconf 85' lang='lat' dir='ltr'>eiusdem</span> <span class='ocrx_word' id='word_1_166' title='bbox 334 2842 582 2927; x_wconf 81' lang='lat' dir='ltr'>conpositionis</span> <span class='ocrx_word' id='word_1_167' title='bbox 610 2841 790 2925; x_wconf 80' lang='lat' dir='ltr'>adinpleut</span> <span class='ocrx_word' id='word_1_168' title='bbox 818 2844 854 2906; x_wconf 90' lang='lat' dir='ltr'>et</span> <span class='ocrx_word' id='word_1_169' title='bbox 883 2853 908 2907; x_wconf 84' lang='lat' dir='ltr'>L</span> <span class='ocrx_word' id='word_1_170' title='bbox 935 2840 1075 2924; x_wconf 80' lang='lat' dir='ltr'>flagella</span> <span class='ocrx_word' id='word_1_171' title='bbox 1102 2840 1279 2925; x_wconf 80' lang='lat' dir='ltr'>suscipiat.</span> 
     </span>
     <span class='ocr_line' id='line_1_27' title="bbox 153 2930 1277 3014; baseline -0.001 -20"><span class='ocrx_word' id='word_1_172' title='bbox 153 2930 189 2994; x_wconf 81' lang='lat' dir='ltr'>Si</span> <span class='ocrx_word' id='word_1_173' title='bbox 218 2933 337 2995; x_wconf 87' lang='lat' dir='ltr'>autem</span> <span class='ocrx_word' id='word_1_174' title='bbox 366 2949 483 2994; x_wconf 87' lang='lat' dir='ltr'>servus</span> <span class='ocrx_word' id='word_1_175' title='bbox 505 2931 698 3013; x_wconf 87' lang='lat' dir='ltr'>ingenuum</span> <span class='ocrx_word' id='word_1_176' title='bbox 720 2930 970 3006; x_wconf 81' lang='lat' dir='ltr'>vulneraverit,</span> <span class='ocrx_word' id='word_1_177' title='bbox 1002 2931 1054 2993; x_wconf 77' lang='lat' dir='ltr'>ita</span> <span class='ocrx_word' id='word_1_178' title='bbox 1083 2933 1277 3014; x_wconf 82' lang='lat' dir='ltr'>componat,</span> 
     </span>
     <span class='ocr_line' id='line_1_28' title="bbox 154 3017 1279 3102; baseline 0.001 -21"><span class='ocrx_word' id='word_1_179' title='bbox 154 3019 243 3082; x_wconf 88' lang='lat' dir='ltr'>sicut</span> <span class='ocrx_word' id='word_1_180' title='bbox 278 3039 358 3083; x_wconf 89' lang='lat' dir='ltr'>cum</span> <span class='ocrx_word' id='word_1_181' title='bbox 391 3019 563 3102; x_wconf 86' lang='lat' dir='ltr'>ingenuus</span> <span class='ocrx_word' id='word_1_182' title='bbox 599 3038 736 3083; x_wconf 86' lang='lat' dir='ltr'>servum</span> <span class='ocrx_word' id='word_1_183' title='bbox 770 3019 1005 3083; x_wconf 83' lang='lat' dir='ltr'>vulneraverit</span> <span class='ocrx_word' id='word_1_184' title='bbox 1040 3017 1207 3096; x_wconf 80' lang='lat' dir='ltr'>alienum,</span> <span class='ocrx_word' id='word_1_185' title='bbox 1243 3022 1279 3084; x_wconf 89' lang='lat' dir='ltr'>et</span> 
     </span>
     <span class='ocr_line' id='line_1_29' title="bbox 152 3105 1279 3193; baseline 0 -21"><span class='ocrx_word' id='word_1_186' title='bbox 152 3118 233 3172; x_wconf 83' lang='lat' dir='ltr'>LXX</span> <span class='ocrx_word' id='word_1_187' title='bbox 263 3106 403 3189; x_wconf 81' lang='lat' dir='ltr'>flogella</span> <span class='ocrx_word' id='word_1_188' title='bbox 437 3107 611 3191; x_wconf 79' lang='lat' dir='ltr'>suscipiat.</span> <span class='ocrx_word' id='word_1_189' title='bbox 666 3105 704 3170; x_wconf 83' lang='lat' dir='ltr'>Si</span> <span class='ocrx_word' id='word_1_190' title='bbox 733 3126 814 3171; x_wconf 88' lang='lat' dir='ltr'>vero</span> <span class='ocrx_word' id='word_1_191' title='bbox 844 3108 1005 3171; x_wconf 85' lang='lat' dir='ltr'>dominus</span> <span class='ocrx_word' id='word_1_192' title='bbox 1034 3107 1188 3172; x_wconf 79' lang='lat' dir='ltr'>noluerit</span> <span class='ocrx_word' id='word_1_193' title='bbox 1216 3128 1279 3193; x_wconf 89' lang='lat' dir='ltr'>pro</span> 
     </span>
     <span class='ocr_line' id='line_1_30' title="bbox 153 3195 1064 3280; baseline 0.001 -24"><span class='ocrx_word' id='word_1_194' title='bbox 153 3215 249 3258; x_wconf 85' lang='lat' dir='ltr'>servo</span> <span class='ocrx_word' id='word_1_195' title='bbox 274 3214 478 3278; x_wconf 86' lang='lat' dir='ltr'>conponere,</span> <span class='ocrx_word' id='word_1_196' title='bbox 502 3214 619 3260; x_wconf 91' lang='lat' dir='ltr'>servus</span> <span class='ocrx_word' id='word_1_197' title='bbox 642 3195 802 3258; x_wconf 69' lang='lat' dir='ltr'>undatur</span> <span class='ocrx_word' id='word_1_198' title='bbox 824 3216 887 3280; x_wconf 88' lang='lat' dir='ltr'>pro</span> <span class='ocrx_word' id='word_1_199' title='bbox 911 3196 1064 3260; x_wconf 85' lang='lat' dir='ltr'>crimine.</span> 
     </span>
    </p>
   </div>
   <div class='ocr_carea' id='block_1_6' title="bbox 570 3346 856 3418">
    <p class='ocr_par' dir='ltr' id='par_1_13' title="bbox 570 3346 856 3418">
     <span class='ocr_line' id='line_1_31' title="bbox 570 3346 856 3418; baseline 0.007 -15"><span class='ocrx_word' id='word_1_200' title='bbox 570 3348 609 3404; x_wconf 87' lang='lat'>11.</span> <span class='ocrx_word' id='word_1_201' title='bbox 641 3346 856 3418; x_wconf 73' lang='lat' dir='ltr'>surroula.</span> 
     </span>
    </p>
   </div>
   <div class='ocr_carea' id='block_1_7' title="bbox 150 3459 1279 3921">
    <p class='ocr_par' dir='ltr' id='par_1_14' title="bbox 153 3459 1279 3547">
     <span class='ocr_line' id='line_1_32' title="bbox 153 3459 1279 3547; baseline 0.004 -24"><span class='ocrx_word' id='word_1_202' title='bbox 153 3459 213 3525; x_wconf 88' lang='lat' dir='ltr'>Dc</span> <span class='ocrx_word' id='word_1_203' title='bbox 246 3461 598 3544; x_wconf 88' lang='lat' dir='ltr'>presumtoribus</span> <span class='ocrx_word' id='word_1_204' title='bbox 631 3465 674 3527; x_wconf 90' lang='lat' dir='ltr'>et</span> <span class='ocrx_word' id='word_1_205' title='bbox 705 3462 912 3546; x_wconf 83' lang='lat' dir='ltr'>operibus</span> <span class='ocrx_word' id='word_1_206' title='bbox 947 3466 1279 3547; x_wconf 73' lang='lat' dir='ltr'>presumtorunu</span> 
     </span>
    </p>

    <p class='ocr_par' dir='ltr' id='par_1_15' title="bbox 150 3566 1279 3921">
     <span class='ocr_line' id='line_1_33' title="bbox 259 3566 1279 3654; baseline 0.005 -23"><span class='ocrx_word' id='word_1_207' title='bbox 259 3566 396 3652; x_wconf 82' lang='lat' dir='ltr'>Siquis</span> <span class='ocrx_word' id='word_1_208' title='bbox 419 3568 602 3653; x_wconf 79' lang='lat' dir='ltr'>evaginato</span> <span class='ocrx_word' id='word_1_209' title='bbox 626 3569 744 3653; x_wconf 73' lang='lat' dir='ltr'>gladio</span> <span class='ocrx_word' id='word_1_210' title='bbox 767 3569 824 3635; x_wconf 92' lang='lat' dir='ltr'>vel</span> <span class='ocrx_word' id='word_1_211' title='bbox 847 3569 1004 3654; x_wconf 89' lang='lat' dir='ltr'>quolibet</span> <span class='ocrx_word' id='word_1_212' title='bbox 1027 3589 1154 3654; x_wconf 84' lang='lat' dir='ltr'>genere</span> <span class='ocrx_word' id='word_1_213' title='bbox 1172 3591 1279 3636; x_wconf 80' lang='lat' dir='ltr'>armo</span> 
     </span>
     <span class='ocr_line' id='line_1_34' title="bbox 150 3658 1279 3742; baseline 0.003 -21"><span class='ocrx_word' id='word_1_214' title='bbox 150 3678 228 3721; x_wconf 90' lang='lat' dir='ltr'>rum</span> <span class='ocrx_word' id='word_1_215' title='bbox 256 3658 410 3721; x_wconf 85' lang='lat' dir='ltr'>munitus</span> <span class='ocrx_word' id='word_1_216' title='bbox 444 3658 657 3742; x_wconf 88' lang='lat' dir='ltr'>presumtivo</span> <span class='ocrx_word' id='word_1_217' title='bbox 686 3659 788 3723; x_wconf 86' lang='lat' dir='ltr'>modo</span> <span class='ocrx_word' id='word_1_218' title='bbox 814 3658 853 3722; x_wconf 91' lang='lat' dir='ltr'>in</span> <span class='ocrx_word' id='word_1_219' title='bbox 876 3659 979 3723; x_wconf 84' lang='lat' dir='ltr'>domo</span> <span class='ocrx_word' id='word_1_220' title='bbox 1002 3658 1152 3724; x_wconf 73' lang='lat' dir='ltr'>alienam</span> <span class='ocrx_word' id='word_1_221' title='bbox 1174 3659 1279 3724; x_wconf 49' lang='lat' dir='ltr'>intra*</span> 
     </span>
     <span class='ocr_line' id='line_1_35' title="bbox 151 3739 1279 3833; baseline 0.004 -23"><span class='ocrx_word' id='word_1_222' title='bbox 151 3748 247 3824; x_wconf 87' lang='lat' dir='ltr'>verit,</span> <span class='ocrx_word' id='word_1_223' title='bbox 273 3747 415 3831; x_wconf 86' lang='lat' dir='ltr'>cupiens</span> <span class='ocrx_word' id='word_1_224' title='bbox 439 3747 618 3812; x_wconf 89' lang='lat' dir='ltr'>dominum</span> <span class='ocrx_word' id='word_1_225' title='bbox 633 3748 756 3811; x_wconf 84' lang='lat' dir='ltr'>domus</span> <span class='ocrx_word' id='word_1_226' title='bbox 780 3739 997 3812; x_wconf 66' lang='lat' dir='ltr'>hocciderel:</span> <span class='ocrx_word' id='word_1_227' title='bbox 1020 3747 1051 3811; x_wconf 80' lang='lat' dir='ltr'>si</span> <span class='ocrx_word' id='word_1_228' title='bbox 1073 3747 1148 3833; x_wconf 80' lang='lat' dir='ltr'>ipse</span> <span class='ocrx_word' id='word_1_229' title='bbox 1169 3747 1279 3814; x_wconf 82' lang='lat' dir='ltr'>fuerit</span> 
     </span>
     <span class='ocr_line' id='line_1_36' title="bbox 151 3835 1278 3921; baseline 0.003 -23"><span class='ocrx_word' id='word_1_230' title='bbox 151 3837 292 3914; x_wconf 87' lang='lat' dir='ltr'>occisus,</span> <span class='ocrx_word' id='word_1_231' title='bbox 323 3836 525 3902; x_wconf 79' lang='lat' dir='ltr'>nullatenus</span> <span class='ocrx_word' id='word_1_232' title='bbox 553 3835 788 3918; x_wconf 46' lang='lat' dir='ltr'>requiratur&amp;</span> <span class='ocrx_word' id='word_1_233' title='bbox 821 3837 875 3899; x_wconf 87' lang='lat' dir='ltr'>sin</span> <span class='ocrx_word' id='word_1_234' title='bbox 898 3838 1017 3901; x_wconf 81' lang='lat' dir='ltr'>autem</span> <span class='ocrx_word' id='word_1_235' title='bbox 1039 3835 1122 3921; x_wconf 82' lang='lat' dir='ltr'>ipse,</span> <span class='ocrx_word' id='word_1_236' title='bbox 1152 3837 1214 3921; x_wconf 85' lang='lat' dir='ltr'>qui</span> <span class='ocrx_word' id='word_1_237' title='bbox 1240 3837 1278 3901; x_wconf 90' lang='lat' dir='ltr'>in</span> 
     </span>
    </p>
   </div>
   <div class='ocr_carea' id='block_1_8' title="bbox 150 4006 1279 4271">
    <p class='ocr_par' dir='ltr' id='par_1_16' title="bbox 150 4006 1279 4164">
     <span class='ocr_line' id='line_1_37' title="bbox 257 4006 1279 4059; baseline 0.003 -12"><span class='ocrx_word' id='word_1_238' title='bbox 257 4009 314 4050; x_wconf 80' lang='lat' dir='ltr'><strong>TIT.</strong></span> <span class='ocrx_word' id='word_1_239' title='bbox 329 4009 383 4051; x_wconf 84' lang='lat'>1111.</span> <span class='ocrx_word' id='word_1_240' title='bbox 417 4011 439 4056; x_wconf 75' lang='grc' dir='ltr'>ι)</span> <span class='ocrx_word' id='word_1_241' title='bbox 454 4008 539 4048; x_wconf 74' lang='lat' dir='ltr'>ullone</span> <span class='ocrx_word' id='word_1_242' title='bbox 552 4009 601 4050; x_wconf 72' lang='lat'>132.</span> <span class='ocrx_word' id='word_1_243' title='bbox 646 4008 670 4056; x_wconf 86' lang='lat' dir='ltr'>b)</span> <span class='ocrx_word' id='word_1_244' title='bbox 685 4007 871 4058; x_wconf 63' lang='lat' dir='ltr'>conpensatione</span> <span class='ocrx_word' id='word_1_245' title='bbox 884 4008 932 4050; x_wconf 65' lang='lat'>31.</span> <span class='ocrx_word' id='word_1_246' title='bbox 972 4009 994 4059; x_wconf 79' lang='grc' dir='ltr'>ι)</span> <span class='ocrx_word' id='word_1_247' title='bbox 1006 4018 1094 4049; x_wconf 74' lang='lat' dir='ltr'><em>m</em></span> <span class='ocrx_word' id='word_1_248' title='bbox 1108 4009 1158 4053; x_wconf 69' lang='lat' dir='ltr'>Bt.</span> <span class='ocrx_word' id='word_1_249' title='bbox 1198 4006 1223 4057; x_wconf 72' lang='grc'>6)</span> <span class='ocrx_word' id='word_1_250' title='bbox 1237 4020 1279 4059; x_wconf 72' lang='lat' dir='ltr'>pro</span> 
     </span>
     <span class='ocr_line' id='line_1_38' title="bbox 150 4061 1278 4111; baseline 0.003 -9"><span class='ocrx_word' id='word_1_251' title='bbox 150 4083 176 4091; x_wconf 97' lang='lat'>-</span> <span class='ocrx_word' id='word_1_252' title='bbox 191 4062 275 4102; x_wconf 70' lang='lat' dir='ltr'>talione</span> <span class='ocrx_word' id='word_1_253' title='bbox 289 4061 334 4104; x_wconf 72' lang='lat' dir='ltr'>dee.</span> <span class='ocrx_word' id='word_1_254' title='bbox 347 4063 393 4104; x_wconf 77' lang='lat' dir='ltr'>nl.</span> <span class='ocrx_word' id='word_1_255' title='bbox 457 4064 479 4111; x_wconf 87' lang='grc' dir='ltr'>Θ)</span> <span class='ocrx_word' id='word_1_256' title='bbox 493 4062 578 4102; x_wconf 72' lang='lat' dir='ltr'>iniusto</span> <span class='ocrx_word' id='word_1_257' title='bbox 592 4062 639 4103; x_wconf 70' lang='lat'>111.</span> <span class='ocrx_word' id='word_1_258' title='bbox 699 4061 765 4109; x_wconf 71' lang='lat' dir='ltr'>otta</span> <span class='ocrx_word' id='word_1_259' title='bbox 779 4061 831 4111; x_wconf 70' lang='lat'>1113</span> <span class='ocrx_word' id='word_1_260' title='bbox 852 4061 985 4102; x_wconf 70' lang='lat' dir='ltr'>coutimur</span> <span class='ocrx_word' id='word_1_261' title='bbox 997 4061 1051 4111; x_wconf 71' lang='lat'>113</span> <span class='ocrx_word' id='word_1_262' title='bbox 1072 4062 1278 4107; x_wconf 60' lang='lat' dir='ltr'><strong><em>mmmm.</em></strong></span> 
     </span>
     <span class='ocr_line' id='line_1_39' title="bbox 150 4114 626 4164; baseline 0.004 -11"><span class='ocrx_word' id='word_1_263' title='bbox 150 4120 173 4163; x_wconf 78' lang='lat' dir='ltr'>g)</span> <span class='ocrx_word' id='word_1_264' title='bbox 186 4117 243 4154; x_wconf 73' lang='lat' dir='ltr'>deest</span> <span class='ocrx_word' id='word_1_265' title='bbox 257 4116 304 4157; x_wconf 67' lang='lat'>131.</span> <span class='ocrx_word' id='word_1_266' title='bbox 313 4115 332 4157; x_wconf 80' lang='lat'>2.</span> <span class='ocrx_word' id='word_1_267' title='bbox 387 4115 411 4162; x_wconf 89' lang='lat' dir='ltr'>h)</span> <span class='ocrx_word' id='word_1_268' title='bbox 424 4115 564 4164; x_wconf 67' lang='lat' dir='ltr'>percusserit</span> <span class='ocrx_word' id='word_1_269' title='bbox 576 4114 626 4156; x_wconf 74' lang='lat'>121.</span> 
     </span>
    </p>

    <p class='ocr_par' dir='ltr' id='par_1_17' title="bbox 257 4168 684 4218">
     <span class='ocr_line' id='line_1_40' title="bbox 257 4168 684 4218; baseline -0.002 -11"><span class='ocrx_word' id='word_1_270' title='bbox 257 4170 275 4210; x_wconf 88' lang='lat'>1.</span> <span class='ocrx_word' id='word_1_271' title='bbox 315 4168 478 4218; x_wconf 73' lang='grc' dir='ltr'>ι)ρ1ιΘιΒΙ,</span> <span class='ocrx_word' id='word_1_272' title='bbox 533 4168 684 4216; x_wconf 69' lang='lat' dir='ltr'>b)ouo1{l.</span> 
     </span>
    </p>

    <p class='ocr_par' dir='ltr' id='par_1_18' title="bbox 258 4219 745 4271">
     <span class='ocr_line' id='line_1_41' title="bbox 258 4219 745 4271; baseline 0.006 -11"><span class='ocrx_word' id='word_1_273' title='bbox 258 4222 286 4265; x_wconf 86' lang='lat'>11.</span> <span class='ocrx_word' id='word_1_274' title='bbox 328 4222 484 4269; x_wconf 59' lang='lat' dir='ltr'>naccum.</span> <span class='ocrx_word' id='word_1_275' title='bbox 538 4221 562 4271; x_wconf 81' lang='lat' dir='ltr'>b)</span> <span class='ocrx_word' id='word_1_276' title='bbox 575 4219 681 4261; x_wconf 77' lang='lat' dir='ltr'>occidere</span> <span class='ocrx_word' id='word_1_277' title='bbox 696 4221 745 4263; x_wconf 70' lang='lat'>112.</span> 
     </span>
    </p>
   </div>
   <div class='ocr_carea' id='block_1_9' title="bbox 152 4345 882 4415">
    <p class='ocr_par' dir='ltr' id='par_1_19' title="bbox 152 4345 882 4415">
     <span class='ocr_line' id='line_1_42' title="bbox 152 4345 882 4415; baseline 0.004 -15"><span class='ocrx_word' id='word_1_278' title='bbox 152 4346 178 4413; x_wconf 90' lang='lat'>1)</span> <span class='ocrx_word' id='word_1_279' title='bbox 195 4346 237 4412; x_wconf 74' lang='lat' dir='ltr'>Of·</span> <span class='ocrx_word' id='word_1_280' title='bbox 256 4347 289 4402; x_wconf 76' lang='lat' dir='ltr'>n,</span> <span class='ocrx_word' id='word_1_281' title='bbox 308 4346 384 4401; x_wconf 74' lang='lat' dir='ltr'>som.</span> <span class='ocrx_word' id='word_1_282' title='bbox 399 4347 454 4400; x_wconf 71' lang='lat' dir='ltr'>vo.</span> <span class='ocrx_word' id='word_1_283' title='bbox 467 4346 496 4398; x_wconf 84' lang='lat' dir='ltr'>c.</span> <span class='ocrx_word' id='word_1_284' title='bbox 513 4346 562 4400; x_wconf 76' lang='lat' dir='ltr'>vu.</span> <span class='ocrx_word' id='word_1_285' title='bbox 581 4345 633 4412; x_wconf 78' lang='lat' dir='ltr'>rx,</span> <span class='ocrx_word' id='word_1_286' title='bbox 655 4348 698 4413; x_wconf 87' lang='lat'>11,</span> <span class='ocrx_word' id='word_1_287' title='bbox 717 4349 744 4401; x_wconf 70' lang='grc' dir='ltr'>Θ.</span> <span class='ocrx_word' id='word_1_288' title='bbox 763 4346 882 4415; x_wconf 67' lang='lat' dir='ltr'>impr.</span> 
     </span>
    </p>
   </div>
   <div class='ocr_carea' id='block_1_10' title="bbox 0 0 1504 4934">
    <p class='ocr_par' dir='ltr' id='par_1_20' title="bbox 0 0 1504 4934">
     <span class='ocr_line' id='line_1_43' title="bbox 0 0 1504 4934; baseline 0 0"><span class='ocrx_word' id='word_1_289' title='bbox 0 0 1504 4934; x_wconf 95' lang='lat' dir='ltr'> </span> 
     </span>
    </p>
   </div>
  </div>
 </body>
</html>
