3000 4934
252 381 307 434 228
432 375 509 430 LEX
527 374 643 431 VISIG.
662 373 930 431 REOOESSVIND.
966 374 1050 441 Vm,
1069 379 1093 444 1,
1112 378 1190 431 3-5.

253 559 396 642 quisque
425 559 655 641 ingenuorum
682 569 707 623 L
734 555 873 640 flagella
903 557 1078 640 suscipiat.
1130 557 1226 621 Servi
1256 562 1382 622 autem

252 648 356 710 huius
384 647 537 710 criminis
565 647 658 721 socii,
690 646 718 708 si
742 645 885 708 alterius
908 646 1040 708 domini
1062 649 1153 720 sunt,
1184 646 1316 728 singuli
1338 648 1382 710 in

253 738 425 799 conventu
460 734 599 818 publico
635 735 679 796 ad
709 734 855 797 aliorum
888 736 1057 797 terrorem
1092 735 1224 797 extensi
1258 755 1382 798 coram

252 824 366 886 iudice
390 834 434 887 00
458 823 573 886 hictus
597 823 769 905 accipiant
792 821 1043 904 flagellorume.

456 973 527 1030 1111.
557 973 726 1029 FLAVIUS
745 972 1060 1028 OHINDASVINDUS
1078 973 1165 1030 REX

253 1069 296 1133 Si
330 1069 449 1131 intra
484 1070 651 1133 domum
684 1068 753 1132 vel
790 1068 962 1130 ianuam
999 1088 1116 1131 suam
1149 1069 1384 1135 violenter

579 1157 743 1239 aliquis
773 1156 1042 1220 includatur.

360 1263 574 1346 Quicumque
607 1263 785 1326 dominum
814 1262 870 1326 vel
901 1262 1075 1326 dominam
1106 1263 1200 1326 intra
1232 1263 1381 1328 domum

251 1352 307 1417 vel
330 1353 438 1416 curtis
461 1373 521 1416 sue
544 1352 684 1414 ianuam
704 1350 874 1414 violenter
895 1350 1076 1414 incluserit
1098 1352 1214 1434 eisque
1238 1353 1380 1416 aditum

252 1441 454 1526 egressionis
477 1441 655 1522 negaverit
678 1440 758 1515 sive,
782 1442 848 1502 111ει
875 1439 911 1501 id
935 1439 1043 1515 fieret,
1068 1439 1145 1503 aliis
1169 1443 1377 1524 preceperit,

252 1550 315 1613 pro
338 1523 437 1591 ausib
463 1528 662 1591 temeritate
692 1531 793 1591 autor
823 1527 961 1591 sceleris
992 1527 1052 1591 det
1075 1529 1214 1592 domino
1236 1529 1292 1593 vel
1317 1530 1378 1594 do

252 1618 344 1680 mine
372 1617 448 1679 auri
474 1616 602 1679 solidos
628 1636 772 1680 numero
794 1627 879 1681 XXX
902 1619 938 1679 ct
961 1619 1078 1699 preter
1100 1616 1165 1679 hoo
1188 1628 1211 1681 c
1232 1617 1379 1699 flagella

252 1705 427 1788 suscipiat.
480 1704 543 1766 Hii
572 1725 662 1781 vero,
694 1705 754 1787 qui
783 1704 883 1766 malis
912 1704 1162 1768 volumtatibus
1193 1706 1265 1768 eius
1297 1726 1379 1769 con-

252 1793 421 1857 senserint
437 1792 649 1863 ausiliumve,
673 1797 715 1855 ut
730 1794 796 1856 hoc
811 1793 919 1868 fieret,
944 1793 1169 1876 prostiterint,
1194 1794 1223 1856 si
1245 1794 1378 1858 ineius

251 1881 443 1966 patrocinio
477 1902 548 1944 non
582 1883 677 1957 sunt,
716 1881 845 1964 singuli
878 1881 1107 1963 ingenuorum
1141 1883 1377 1963 quindecenos

251 1970 379 2034 solidos
405 1970 485 2045 illis,
517 1969 641 2052 quibus
667 1969 868 2033 violentiam
895 1969 1100 2045 intulerunt,
1129 1973 1297 2053 cogantur
1323 1973 1378 2034 111·

250 2059 342 2122 ferre
365 2061 401 2122 et
424 2080 486 2142 pro
510 2059 669 2121 admissi⁰
690 2058 923 2141 presumtione
946 2061 1093 2121 centena
1112 2057 1251 2141 flagella
1270 2061 1377 2123 susci-

252 2148 360 2231 piant.
407 2146 504 2210 Servi
534 2150 660 2221 autem,
692 2146 720 2209 si
750 2147 786 2209 id
817 2146 955 2210 domino
978 2146 1034 2210 vel
1062 2147 1201 2210 domina
1226 2168 1297 2210 non
1323 2149 1377 2211 iu-

252 2235 355 2299 bente
384 2235 615 2307 conmiserint,
644 2245 690 2299 00
717 2235 832 2298 hictus
860 2235 1032 2318 accipiant
1060 2235 1287 2317 flagellorum.
1336 2237 1376 2300 Si

250 2344 331 2387 vero
360 2324 412 2386 ita
442 2323 601 2386 dominus
627 2323 683 2386 vel
713 2323 853 2386 domina
877 2344 898 2385 a
919 2323 1072 2387 violento
1099 2324 1154 2387 vel
1184 2328 1377 2407 presumto-

251 2406 345 2474 remcl
376 2415 473 2474 extra
503 2431 599 2473 suam
632 2411 772 2474 domum
801 2411 857 2475 vel
886 2411 1010 2474 1111111θ
1038 2412 1274 2487 excludantur,
1304 2407 1372 2476 utf

252 2499 425 2575 continuo,
450 2499 542 2581 quod
565 2502 618 2561 est
640 2499 788 2581 gravius,
812 2502 965 2582 potestas
988 2504 1037 2563 eis
1060 2500 1103 2563 ab
1128 2521 1169 2564 ea
1191 2501 1293 2564 domo
1314 2503 1377 2566 vel

250 2587 386 2650 familia
419 2587 609 2669 ceterisque
643 2587 747 2651 rebus
781 2587 969 2665 auferatur,
1010 2589 1196 2652 conmissor
1232 2589 1376 2654 sceleris

252 2676 416 2738 damnum
441 2675 628 2738 invasionis
655 2676 810 2739 incurrat
839 2677 951 2759 adque
975 2677 1080 2740 etiam
1103 2688 1126 2741 c
1148 2678 1263 2741 hictus
1287 2681 1376 2742 acci-

137 2832 140 2836 ,
251 2764 325 2846 piat
347 2763 574 2846 flagellorum.
621 2764 771 2848 Ingenui
794 2768 912 2828 autem
927 2764 1031 2827 huius
1050 2766 1201 2829 criminis
1223 2767 1316 2841 socii,
1343 2770 1376 2830 si

250 2852 287 2915 in
310 2852 383 2916 eius
405 2852 599 2936 patrocinio
628 2873 699 2916 non
726 2855 817 2930 sunt,
846 2856 993 2917 centena
1013 2853 1154 2937 flagella
1180 2855 1376 2938 suscipiant

251 2943 287 3004 et
307 2941 435 3024 singuli
454 2943 612 3005 trecenos
630 2941 761 3005 solidus
781 2944 951 3024 cogantur
966 2942 1133 3015 exolvere,
1156 2943 1227 3006 illis
1248 2945 1375 3028 procul

250 3029 356 3093 dubio
371 3029 581 3113 profuturos,
605 3030 730 3112 quibus
753 3031 844 3094 hanc
867 3030 1028 3094 iniuriam
1050 3031 1209 3096 intulisse
1228 3053 1376 3096 noscun-

249 3121 318 3180 tur.
354 3116 455 3196 Quod
477 3118 507 3181 si
529 3119 596 3182 hoc
619 3119 709 3182 servi
731 3119 971 3202 ignorantibus
995 3119 1142 3183 dominis
1165 3141 1228 3184 sua
1247 3124 1375 3204 sponte

250 3206 481 3284 conmiserint,
506 3207 595 3270 servi
617 3227 742 3291 penam
764 3208 960 3271 sustineant
982 3209 1139 3292 superius
1163 3209 1375 3293 conprehen-

250 3315 338 3371 sam;
363 3295 495 3358 domini
517 3315 598 3359 vero
621 3296 711 3358 nihil
733 3296 859 3360 iniurie
881 3296 936 3360 111
960 3297 1160 3361 detrimenti
1181 3297 1373 3382 perferant

250 3382 294 3445 Id
316 3383 411 3467 ipsut
434 3383 539 3447 etiam
558 3384 747 3468 patiantur,
772 3385 832 3468 qui
848 3386 988 3448 domum
1003 3385 1152 3450 alienam
1168 3406 1231 3450 sua
1245 3387 1374 3451 autori-

249 3474 323 3535 tate
346 3472 419 3535 sine
442 3473 534 3556 regis
556 3472 612 3536 vel
634 3473 759 3537 iudicis
782 3474 931 3538 iussione
959 3474 1227 3558 adprehendere,
1256 3475 1374 3539 discri-

250 3559 331 3624 bere
354 3563 416 3623 aut
439 3559 619 3644 obsignare
643 3563 899 3644 presumserint.

471 3713 507 3768 V.
537 3712 707 3768 FLAVIUS
725 3713 1041 3770 GHINDASVINDUS
1058 3714 1148 3772 REX.

250 3804 306 3869 Ut
332 3805 457 3868 nulla
483 3826 551 3870 res
579 3807 630 3872 ab
658 3806 748 3872 alio
777 3829 981 3893 possessa
1010 3810 1172 3894 absque
1201 3810 1373 3874 iudicio

682 3900 933 3981 usurpetur.

354 3998 483 4063 Nullus
513 4022 639 4079 comes,
670 4003 832 4081 vicarius,
862 4004 999 4080 vilicus,
1031 4005 1239 4090 prepositus,
1273 4008 1374 4069 actor

249 4091 311 4151 aut
334 4093 535 4172 procurator
558 4111 619 4155 seu
642 4091 790 4174 quilibet
812 4093 983 4176 ingenuus
999 4095 1112 4178 adque
1131 4093 1236 4158 etiam
1251 4113 1372 4158 servus

355 4242 601 4346 ffiflmtdlldddbffltl.
662 4299 1000 4352 tmananuaenm.
1057 4301 1219 4350 onmislltl.
1279 4297 1372 4351 (ἣρω-

247 4351 409 4394 samareus.
463 4352 652 4399 1111111112.
706 4353 821 4401 011111.
