3000 4934
238 371 290 425 ue
456 365 534 420 mx
552 364 668 422 visre.
686 364 957 421 naccassvmn
994 364 1046 434 vr,
1067 368 1091 434 1,
1110 369 1136 421 2.

457 543 496 600 H.
527 542 696 598 FLAVIUS
715 541 1029 598 OHINDASVINDUS
1048 541 1136 598 REX.

282 657 362 720 Pro
390 656 548 739 quibus
574 655 704 720 rebus
732 657 775 719 et
801 655 998 738 qualiter
1025 655 1314 738 ingenuorum

389 764 572 830 persone
596 743 820 807 subdende
844 746 945 807 sunt
968 743 1202 827 questioni.

345 851 404 916 Si1
425 851 463 913 in
487 849 722 914 criminalibus
746 849 857 913 causis
882 849 1097 913 discretionis
1120 850 1243 913 modus
1263 851 1359 913 amit·

236 942 333 1017 titur,
364 939 623 1003 criminatorum
646 937 781 1000 malitia
803 958 1020 1021 nequaquam
1047 938 1215 1001 frenatur.
1263 939 1360 1002 Ideo·

237 1049 313 1112 que,
345 1028 374 1091 si
403 1029 440 1091 in
470 1047 573 1091 causa
601 1027 695 1109 regie
725 1026 986 1110 potestatisve]
1013 1026 1126 1110 gentis
1156 1029 1218 1090 aut
1247 1028 1359 1111 patrie

237 1137 298 1182 seu
321 1115 499 1180 homicidii
520 1114 577 1179 vel
600 1114 763 1179 adulterii
791 1115 948 1197 equalem
976 1114 1041 1178 sibi
1067 1114 1276 1179 nobilitatea
1302 1115 1359 1180 vel

238 1205 434 1288 dignitatea
461 1203 608 1288 palatini
631 1203 738 1266 officii
761 1203 968 1286 quicumque
999 1204 1231 1267 accusandum
1255 1205 1359 1268 credi-

238 1294 337 1370 derit,
362 1293 490 1357 habeat
513 1292 608 1376 prius
623 1291 786 1355 fiduciam
802 1291 1046 1376 conprehendi,
1071 1293 1163 1374 quod
1182 1291 1298 1369 obicit,
1324 1297 1359 1356 et

237 1383 285 1446 sic
316 1381 469 1445 alienum
498 1380 701 1463 sanguinem
730 1382 857 1444 temtet
885 1380 1052 1463 inpetere.
1100 1379 1201 1458 Quod
1229 1381 1258 1444 si
1285 1402 1359 1464 pro·

237 1471 319 1535 bare
342 1491 413 1533 non
436 1469 598 1553 potuerit,
623 1488 738 1532 coram
753 1468 908 1552 principe
923 1469 979 1532 vel
995 1469 1058 1545 his,
1083 1488 1168 1552 quos
1192 1489 1254 1532 sua
1269 1469 1359 1552 prin-

238 1580 316 1642 ceps
347 1558 554 1622 auctoritate
584 1557 789 1641 preceperit,
820 1557 928 1619 trium
957 1557 1101 1621 testium
1131 1558 1359 1641 suscriptione

236 1648 398 1711 roborata
412 1646 613 1729 inscripri02
627 1645 698 1722 fiat,
717 1645 816 1710 etsie
833 1645 1022 1727 questionis
1039 1666 1181 1710 examen
1198 1646 1356 1729 incipiat;

236 1736 288 1799 ita
317 1739 357 1798 ut
387 1735 447 1818 qui
476 1735 637 1798 subditur
666 1734 852 1816 questioni,
886 1734 915 1798 si
945 1734 1051 1798 innox
1082 1737 1257 1798 tormenta
1285 1755 1357 1818 per·

236 1824 372 1901 tulerit,
404 1825 584 1887 accusator
614 1822 646 1887 ei
674 1822 858 1887 confestim
888 1823 1077 1887 serviturus
1106 1824 1274 1899 tradatur,
1306 1826 1356 1899 ut,

237 1912 332 1976 salva
360 1914 500 1975 tantum
530 1911 653 1988 anima,
685 1911 777 1995 quod
806 1911 843 1974 in
872 1931 911 1975 eo
940 1932 1097 1976 exercere
1123 1911 1273 1976 voluerit
1301 1911 1357 1976 vel

238 2002 280 2066 de
303 1993 436 2064 istatul
465 2000 538 2064 eius
565 2000 718 2064 iudicare
742 1998 920 2082 elegeritl,
951 2001 989 2062 in
1017 2000 1159 2064 arbitrio
1190 2021 1251 2064 suo
1282 2021 1358 2063 con·

237 2089 348 2154 sistat.
395 2089 506 2154 Iudex
534 2091 653 2152 tamen
675 2089 765 2152 hanc
790 2089 962 2153 cautelam
985 2109 1119 2154 servare
1144 2089 1292 2166 debebit,
1318 2093 1358 2152 ut
1387 2119 1415 2158 a.

239 2180 418 2242 accusator
440 2198 577 2242 omnem
603 2178 654 2242 rei
681 2178 837 2242 ordinem
860 2177 996 2260 scriptis
1020 2181 1170 2262 exponat
1193 2180 1228 2242 et
1251 2177 1358 2241 iudici

238 2267 373 2331 occulte
401 2268 613 2351 presentans,
643 2266 691 2329 sic
715 2266 905 2348 questionis
929 2266 1137 2330 examinatio
1161 2267 1238 2343 fiat;
1270 2270 1305 2330 et
1330 2267 1358 2329 si

238 2355 311 2418 eius
349 2354 503 2432 rofessio,
525 2355 584 2436 qui
603 2354 775 2437 questioni
797 2355 996 2418 subdendus
1017 2357 1078 2432 est,
1101 2375 1228 2438 conpar
1250 2354 1359 2418 fuerit

238 2464 316 2507 cum
363 2443 476 2507 verbis
500 2443 717 2519 accusatoris,
747 2442 899 2507 criminis
925 2463 1004 2507 reus
1031 2444 1274 2507 incunctanter
1301 2444 1359 2506 ha·

238 2530 371 2595 bendus
399 2534 460 2595 est.
509 2529 611 2594 Oerte
638 2530 668 2594 si
695 2530 783 2594 aliut
811 2531 918 2595 dictio
947 2532 1155 2596 accusatoris
1185 2532 1356 2607 habuerit,

237 2618 326 2682 aliut
349 2620 422 2683 eius
446 2619 625 2696 confessio,
650 2619 709 2703 qui
725 2618 885 2684 subditur
900 2621 1081 2702 questioni,
1105 2621 1187 2704 quia
1206 2620 1359 2685 dubitari

236 2728 307 2772 non
330 2710 454 2791 potest,
478 2708 571 2790 quod
594 2727 655 2792 per
670 2710 843 2773 tormenta
859 2708 925 2772 sibi
940 2709 1070 2774 crimen
1084 2709 1239 2792 inponat,
1263 2730 1358 2793 opor-

235 2794 326 2860 tebit
356 2799 590 2860 accusatorem
620 2797 805 2880 superioris
834 2796 921 2881 legis
948 2797 1052 2861 huius
1082 2798 1254 2863 sententie
1282 2797 1358 2861 sub-

235 2885 358 2949 iacere.
394 2884 495 2963 Quod
518 2885 547 2948 si
570 2888 757 2963 accusator,
782 2886 982 2970 priusquam
998 2885 1132 2950 occulte
1148 2885 1256 2951 iudici
1270 2886 1357 2949 noti·

235 2974 322 3037 tiam
349 2974 476 3050 tradat,
508 2977 569 3037 aut
597 2993 658 3057 per
685 2993 721 3038 se
751 2977 813 3036 aut
842 2994 904 3058 per
931 2974 1121 3057 quemlibet
1145 2976 1257 3052 dere,
1289 2995 1358 3058 qua

236 3065 389 3140 accusat,
427 3066 507 3146 per⁰
539 3063 695 3128 ordinem
728 3063 931 3127 instruxerit
965 3083 1068 3146 quem
1098 3066 1250 3141 accusat,
1286 3084 1357 3126 non

235 3151 340 3215 liceat
362 3151 470 3216 iudici
493 3155 692 3215 accusatum
716 3150 862 3216 subdere
878 3152 1065 3235 questioni;
1091 3173 1170 3215 cum
1185 3173 1247 3235 per
1262 3172 1357 3216 accu-

235 3240 359 3304 satoris
386 3240 456 3303 iam
483 3233 671 3304 indiciumf
698 3240 874 3304 detectum
905 3243 1041 3304 constet
1070 3260 1110 3305 ac
1140 3239 1357 3324 publicatum

236 3347 308 3394 esse
338 3329 527 3412 negotium.
580 3328 710 3392 Similis
739 3349 875 3412 quoque
906 3332 941 3392 et
971 3330 1014 3394 de
1045 3329 1168 3394 ceteris
1202 3329 1355 3413 personis

234 3417 394 3501 ingenuis
428 3417 512 3482 ordo
547 3418 733 3482 servandus
768 3421 830 3482 est.
887 3417 979 3482 Nam
1014 3418 1043 3481 si
1077 3417 1253 3502 capitalia,
1289 3437 1355 3500 que

235 3524 339 3589 supra
367 3508 487 3570 taxata
517 3509 611 3582 sunt,
647 3509 809 3570 accusata
841 3526 914 3570 non
947 3505 1093 3583 fuerint,
1129 3507 1190 3571 sed
1221 3506 1357 3569 furtum

234 3594 368 3658 factum
384 3594 512 3658 dicitur
526 3593 582 3658 vel
597 3597 840 3676 quocumqueEc
862 3594 1045 3672 inlicitum,
1070 3595 1100 3658 si
1121 3597 1356 3660 trecentorum
1383 3623 1407 3660 v.

235 3700 368 3745 summa
397 3685 451 3746 est
484 3681 673 3747 solidorum
705 3674 787 3745 velll
824 3682 986 3766 amplius,
1024 3683 1247 3767 inscriptione
1284 3703 1356 3766 pre-

234 3771 339 3834 missa
365 3769 564 3834 subdendus
592 3773 644 3835 est
671 3770 845 3853 questioni
872 3764 948 3854 qui¹
979 3773 1122 3855 petitur.
1173 3772 1210 3836 si
1238 3774 1355 3836 autem
1382 3799 1409 3838 a.

234 3859 325 3923 actio
370 3858 512 3923 minoris
551 3861 604 3922 est
641 3859 863 3943 quantitatis,
908 3880 1011 3942 quam
1054 3860 1203 3926 trecenti
1244 3853 1352 3924 suntk
1383 3889 1406 3926 o.

234 3947 350 4025 solidi,
378 3966 441 4031 per
466 3947 707 4032 probationem
734 3949 912 4012 convictus
940 3950 999 4032 qui
1026 3952 1209 4013 accusatur
1238 3968 1355 4013 secun-

341 4102 372 4145 ΙΙ.
412 4101 589 4150 mobilitatem
603 4103 641 4142 vel
655 4099 788 4151 dignitatem
802 4103 850 4145 Rl.
923 4103 947 4152 b)
960 4106 1022 4144 stetu
1035 4103 1056 4141 Β
1065 4103 1085 4146 2.
1162 4105 1184 4152 c)
1197 4102 1296 4143 voluerit
1309 4102 1355 4144 ΕΙ.

234 4153 258 4204 d)
272 4155 297 4194 ln
306 4156 353 4198 ΕΙ.
394 4157 415 4203 e)
425 4166 467 4206 per
476 4177 502 4185 -
511 4157 654 4197 accusatam.
663 4156 710 4198 121.
750 4154 889 4204 nludlcium
898 4157 918 4195 R
927 4157 947 4200 2.
987 4155 1355 4206 g)itaproqu0dcumqu0121.2.

234 4209 258 4257 h)
272 4209 309 4249 vel
323 4208 419 4257 amplius
433 4230 459 4238 —
473 4207 603 4249 subdendus
618 4213 653 4248 est
670 4209 713 4251 des.
727 4209 748 4247 Β
757 4209 777 4251 2.
835 4209 851 4258 1)
865 4211 950 4259 petitor
959 4221 1004 4258 pro
1018 4210 1058 4259 qul
1071 4221 1094 4260 p.
1107 4211 1127 4248 R
1137 4210 1156 4253 2.
1211 4209 1235 4259 k)
1249 4209 1296 4250 sint
1309 4208 1355 4251 121.

235 4332 261 4400 1)
273 4332 487 4398 oramate
500 4331 592 4399 naua,
605 4306 811 4398 ‘amasae’
821 4351 850 4401 p.
859 4335 913 4390 aaa
922 4350 976 4402 aq.
1025 4334 1200 4402 amasa
1214 4334 1276 4401 VII,
1291 4335 1315 4389 1.
1328 4335 1354 4388 5.
