3000 4934
270 357 374 411 XVIH
713 355 943 410 PRAEFATIO.

270 539 404 604 subditis
435 560 627 603 communem
656 538 768 617 edidit,
803 559 900 601 unum
932 537 984 600 ius
1013 537 1104 618 66966
1134 537 1236 601 uariis
1265 538 1400 605 neribus

264 627 488 710 personalibus
507 627 611 705 adlruo
625 626 801 690 ealon-tibus
823 625 990 705 substituit,
1015 627 1095 707 16963
1110 625 1285 707 Romanas,
1311 649 1400 708 quas

270 738 335 780 nou
357 716 394 779 in
417 716 532 780 librum
555 736 670 779 nouum
695 720 859 796 receperat,
883 714 1019 778 sustulit.

381 804 554 886 Quaeritur
568 826 662 883 6666,
687 824 747 884 auo
768 810 902 884 turmore
918 803 1165 868 Reseessriudus
1181 803 1294 867 librum
1313 806 1399 886 16963

270 894 412 958 ediderit.
451 894 521 957 Lea
544 892 597 972 ΙΙ,
619 897 679 972 1,5
703 913 768 956 non
791 899 865 956 ante
888 891 1064 956 Comitium
1084 893 1113 954 Τ
1111 893 1269 955 aleton-um
1283 894 1396 959 VIII.

270 1005 300 1045 a.
317 988 392 1045 653.
416 981 502 1046 edita
523 981 656 1044 ridetur.
703 980 872 1061 Plaritum,
897 981 980 1060 quod
1001 982 1046 1043 ud
1067 982 1182 1044 6616666
1205 981 1280 1045 libri
1298 982 1396 1046 XII.

270 1071 393 1152 1696666,
425 1073 534 1135 datum
563 1076 608 1134 est
633 1069 722 1132 XII.
748 1070 918 1133 Kalendas
941 1069 1086 1132 Martius
1108 1069 1190 1132 6666
1214 1070 1273 1134 VI.
1298 1072 1398 1152 66966

270 1159 501 1224 Reeeessuinl'.
560 1158 659 1223 Citius
693 1158 774 1221 areni
779 1209 787 1237 ,
826 1164 861 1221 ut
895 1163 966 1221 aeta
997 1158 1137 1238 probant
1176 1158 1397 1223 Consiliorum

274 1248 369 1312 Tolet.
390 1248 491 1312 VIII
512 1247 578 1310 IX.
600 1247 645 1310 X.
669 1247 814 1326 Emerit,
838 1246 893 1310 ubi
916 1252 944 1309 el
964 1246 1046 1310 anni
1068 1246 1159 1327 66966
1181 1253 1210 1310 et
1225 1268 1320 1311 aerae
1343 1247 1396 1312 in-

270 1336 427 1416 dicantur,
459 1337 499 1400 ab
530 1335 691 1399 Ianuario
721 1336 802 1400 anui
831 1341 905 1415 549,
937 1356 1034 1415 66966
1063 1356 1136 1398 rero
1160 1341 1232 1416 post
1260 1343 1396 1400 mortem

264 1425 372 1506 patris
395 1427 655 1489 urenierabantur.
694 1425 784 1490 Unde
804 1430 922 1488 eertum
938 1430 990 1503 est,
1016 1424 1131 1488 librum
1147 1425 1248 1504 669666
1263 1424 1395 1490 Remes-

270 1512 377 1577 soiudi
409 1534 474 1576 uon
504 1519 577 1576 aute
611 1515 641 1575 d.
670 1518 720 1575 18.
745 1512 921 1576 Februarii
950 1512 1032 1575 anni
1062 1518 1133 1576 554.
1168 1511 1285 1576 editum
1314 1535 1393 1579 esse.

270 1601 464 1664 Aoeuratius
487 1606 606 1681 tempus
629 1621 693 1663 uon
716 1600 839 1663 uidetur
862 1601 1096 1678 definiendum:
1123 1600 1178 1664 666
1201 1608 1305 1665 autem
1329 1624 1394 1667 ere·

271 1691 407 1753 demtum
430 1695 482 1768 est,
515 1688 648 1753 codicem
671 1688 737 1751 iam
760 1687 879 1769 primis
902 1695 1127 1770 postmortem
1155 1689 1395 1755 Cli-indasriudi

271 1777 368 1841 66663
397 1777 514 1841 editum
544 1783 572 1841 et
602 1783 642 1840 87
667 1776 743 1840 illas
765 1777 987 1841 1666663366666Ι
1014 1779 1109 1859 16963,
1141 1799 1220 1858 arius
1243 1778 1392 1861 continet,

264 1887 443 1947 paucorum
466 1886 626 1929 annorum
648 1865 749 1946 spatio
773 1865 856 1929 latas
878 1887 953 1930 esse.

378 1955 453 2018 Iam
467 1976 566 2036 36966
581 1953 699 2034 monui,
717 1953 979 2018 Reeressrindunr
995 1961 1126 2036 praeter
1140 1977 1216 2019 suus
1236 1961 1265 2019 et
1280 1957 1394 2037 patris

271 2044 352 2126 16963
375 2050 403 2107 et
423 2043 573 2125 antiquas
591 2043 686 2108 etiam
704 2042 840 2108 Sisebuti
856 2045 945 2124 duas,
970 2043 1144 2108 Reeearedi
1167 2050 1271 2108 autem
1286 2044 1394 2126 primi

270 2132 366 2197 buires
395 2133 535 2197 nominis
564 2132 648 2214 66963
677 2139 741 2196 tres
763 2131 999 2197 constitutiones
1027 2132 1150 2213 6669666
1181 2133 1283 2214 ledum
1309 2132 1392 2198 inse·

270 2221 382 2284 ruisse.
421 2221 621 2286 Reooaredus
641 2222 694 2284 II.
719 2221 813 2301 euim,
837 2221 892 2301 qui
909 2222 1068 2302 parandus
1090 2243 1111 2284 a
1127 2228 1222 2302 patre
1248 2221 1392 2286 Sisebuto

271 2309 398 2372 relictus
421 2309 549 2373 Isidoro
573 2315 645 2373 teste
670 2307 824 2390 66666663
846 2331 1024 2390 9666666666
1047 2309 1179 2373 dierum'
1203 2309 1280 2391 fuit,
1309 2311 1393 2391 loyes

271 2396 405 2461 edidisse
427 2418 493 2460 nou
513 2396 646 2461 oidetur.
690 2397 862 2478 Expressis
885 2405 988 2461 autem
1010 2397 1113 2462 oerbis
1135 2399 1206 2479 6936
1229 2400 1279 2463 lea
1301 2404 1392 2463 testa-

271 2491 332 2566 tur,
358 2485 607 2549 constitutionem
632 2486 721 2565 XII,
747 2491 832 2566 212
857 2508 878 2548 6
894 2486 1012 2567 primo,
1040 2508 1105 2550 non
1128 2488 1168 2550 ab
1191 2488 1290 2551 altero
1313 2487 1391 2552 Reo-

271 2576 383 2638 earedo
407 2576 516 2637 datam
539 2595 612 2654 6336,
637 2574 714 2654 arria
731 2574 893 2638 Sisebutus
911 2575 1000 2655 ΧΠ,
1019 2581 1047 2655 2,
1066 2581 1104 2637 13
1126 2597 1195 2639 eam
1211 2576 1392 2641 Reesaredo

273 2662 454 2743 ‘irrecessori
476 2663 542 2726 suo'
566 2662 686 2726 tribuit.
733 2662 844 2726 Etiam
867 2664 963 2744 669666
986 2664 1061 2744 ΙΙΙ,
1080 2669 1143 2744 5,2
1168 2664 1342 2729 Reeoaredl
1358 2666 1390 2728 I.

271 2752 340 2815 ideo
363 2773 428 2815 6336
452 2757 533 2816 oerto
557 2751 752 2831 crediderim,
777 2751 854 2832 quia
877 2758 987 2816 auctor
1009 2754 1102 2817 talem
1125 2753 1248 2817 exbibet
1271 2751 1392 2818 ‘aelium'

271 2839 307 2902 iu
330 2839 473 2919 fauorem
496 2839 642 2904 eeclesiae
665 2840 844 2921 catholicae,
876 2840 981 2921 qualis
1011 2841 1123 2922 optime
1146 2841 1290 2906 oouoeuit
1312 2842 1390 2923 6696,

271 2928 326 3008 qui
356 2950 388 2993 36
417 2935 447 2992 et
477 2949 609 3010 6696666
639 2950 731 2992 suum
760 2950 861 3010 nuper
890 2930 930 2992 ab
960 2930 1092 2994 Ariana
1122 2930 1245 2994 haeresi
1275 2933 1319 2995 ool
1348 2952 1392 2995 66-

272 3017 399 3082 alesiam
437 3016 623 3082 eatbolieam
661 3024 863 3082 conuerterat.
920 3018 1094 3083 Reooaredi
1129 3020 1159 3082 I.
1199 3041 1272 3101 6696
1311 3020 1393 3102 leues

271 3105 557 3171 Reeoessoiudiano
587 3106 711 3188 corpori
738 3109 795 3171 sub
823 3107 950 3172 nomine
978 3108 1116 3173 audonis
1145 3107 1283 3172 insertae
1306 3115 1390 3173 sunt.

272 3195 425 3261 Priorum
441 3201 544 3261 autem
561 3217 671 3278 669666
689 3196 870 3262 nominibus
892 3197 929 3262 in
952 3197 1211 3279 inscriptionibus
1234 3218 1392 3279 nusquam

271 3285 478 3367 exstantibus,
509 3289 566 3352 sub
589 3286 716 3351 nomine
743 3284 968 3367 ‘antiquorum'
992 3289 1094 3368 669666
1116 3308 1170 3351 666
1194 3308 1300 3351 omues
1323 3307 1391 3351 oon·

264 3375 442 3455 prebeusae
472 3396 537 3440 6336
566 3375 721 3455 uidentur,
755 3397 835 3456 9666
865 3398 886 3438 6
916 3376 1099 3457 Leooiyildo
1134 3375 1182 3438 uel
1209 3376 1391 3456 praedeees-

271 3463 395 3527 soribus
417 3463 485 3527 eires
508 3466 601 3527 datae
623 3469 707 3527 sunt.
754 3465 825 3543 Qua
848 3485 917 3526 6666
940 3485 974 3527 66
998 3462 1109 3544 optime
1133 3463 1284 3543 66666666,
1309 3465 1393 3544 quod

271 3550 421 3614 Isidorus
444 3553 481 3613 de
496 3551 597 3630 669666
613 3549 730 3614 1666666
752 3550 908 3614 reoisioue
931 3572 952 3612 a
968 3549 1151 3630 Leooiaildo
1170 3550 1259 3628 faeta
1281 3552 1386 3631 refert.

271 3637 475 3719 Leooiyildus
505 3658 604 3700 uooas
633 3658 709 3701 suos
733 3638 813 3718 66963
836 3636 936 3702 eodiei
958 3637 1076 3702 Eurioi
1100 3636 1256 3720 ‘adiecit';
1285 3640 1391 3721 itaque
1452 3663 1454 3666 ⁴

271 3724 518 3790 Reooessoiudus
547 3747 610 3807 eas,
641 3731 676 3790 ut
706 3732 823 3790 eeteros
845 3724 934 3789 illius
957 3725 1072 3791 eodiois
1094 3727 1191 3790 reoisi
1214 3729 1302 3810 66963,
1327 3750 1390 3809 pro

273 3812 434 3894 ‘antiquis'
458 3814 577 3878 babuit.

379 3903 490 3983 Neque
511 3924 584 3966 oero
607 3924 713 3967 omues
736 3903 816 3984 66963
840 3901 1019 3984 ί66669666,
1046 3902 1185 3983 quaein
1208 3904 1291 3983 1696
1314 3901 1390 3965 Reo-

271 3991 495 4056 oessoiudiana
510 3997 642 4071 eastaut,
659 4013 697 4055 66
709 3991 811 4056 eodioe
826 3991 909 4055 iuris
921 3991 1047 4057 Gotleioi
1057 3990 1235 4070 Leooiyildi
1249 3995 1390 4069 sumptae

271 4086 353 4160 suut,
377 4083 433 4144 sed
454 4081 628 4145 nonnullae
650 4079 746 4144 etiam
768 4101 807 4144 66
829 4080 912 4161 Ε696
935 4080 1085 4144 Romana
1107 4079 1245 4159 Alarici,
1270 4099 1317 4141 66.
1340 4097 1388 4157 96.

272 4168 298 4230 I
302 4169 337 4250 V,
366 4174 507 4249 1,1—7.
540 4169 575 4249 V,
601 4174 630 4250 5,
650 4175 679 4232 9.
711 4169 792 4249 VH,
818 4174 847 4250 5,
865 4175 894 4231 6.

380 4257 473 4322 Solus
488 4257 735 4323 Reooessoindus
750 4264 795 4322 est
810 4263 919 4322 auctor
933 4257 1029 4339 16963
1048 4257 1301 4339 Visioolleorum;
1324 4254 1391 4319 eins

272 4367 349 4428 6963
372 4346 516 4410 omuibus
538 4346 794 4428 subsequentibus
813 4346 939 4429 6696663
953 4346 1160 4426 fundamento
1176 4351 1253 4409 erat.
1292 4344 1392 4426 Leues
