2970 4928
231 376 267 430 88
426 369 505 429 LEX
522 369 637 428 VISIG.
656 368 925 426 anccassvlrin.
960 367 1059 438 111,1,
1077 371 1157 426 2-a

232 558 273 618 ut
301 553 356 617 illi
384 553 502 638 puella
529 553 699 629 undatur,
731 551 787 616 cui
816 572 837 615 a
866 554 965 636 patre
987 550 1043 615 vel
1068 572 1089 614 a
1111 517 1223 616 matre
1252 554 1356 635 pacta

233 636 462 708 constiteritf.

444 811 499 868 111
530 809 698 868 rnavms
717 807 1032 866 OHINDASVINDUS
1050 807 1140 866 REX.

405 924 465 988 De
496 943 580 986 non
610 923 870 987 revocandis
901 921 1018 985 datis
1049 921 1171 985 arris.

337 1029 453 1093 Dum¹
476 1029 721 1113 preteritorum
743 1028 840 1092 facta
862 1027 1053 1104 recolimus,
1078 1027 1207 1091 futuris
1226 1047 1353 1112 ponere

232 1117 548 1203 presumptionibus
586 1117 773 1181 terminum
808 1115 1100 1182 consultissimum
1134 1116 1352 1180 arbitramur.

233 1207 323 1285 Quia
339 1226 419 1289 ergo
440 1208 522 1269 sunt
544 1204 709 1289 plerique,
735 1205 794 1287 qui
816 1204 909 1269 facte
934 1203 1125 1288 sponsionis
1148 1204 1353 1268 inmemores

231 1294 441 1378 nuptialium
464 1294 622 1358 federum
645 1293 881 1357 definitionem
905 1292 1069 1356 differant
1085 1291 1273 1376 adinplere,
1298 1293 1353 1355 ab·

231 1387 373 1466 rogare³
401 1383 501 1447 decet
524 1383 627 1445 huius
650 1382 701 1445 rei
724 1374 934 1458 lieentiamb,
963 1383 1003 1443 ut
1026 1400 1096 1443 non
1118 1379 1353 1463 unusquisque

232 1475 314 1555 pro⁰
335 1490 396 1534 suo
412 1470 501 1535 velle
525 1469 627 1533 alteri
643 1465 867 1533 dilationem‘l
886 1469 1032 1533 exibeat.
1079 1468 1231 1551 Ideoque
1256 1489 1276 1531 a
1297 1469 1352 1533 die

232 1559 303 1622 late
333 1559 437 1620 huius
467 1558 553 1641 legis
584 1557 812 1633 decernimus,
848 1559 902 1634 ut,
938 1560 1036 1621 cum⁰
1064 1557 1156 1621 inter
1186 1576 1258 1634 eos,
1294 1557 1354 1639 qui

232 1645 456 1729 disponsandi
479 1647 570 1720 sunt,
595 1645 665 1709 sive
688 1645 780 1709 inter
796 1654 914 1709 eorum
937 1643 1097 1729 parentes
1121 1647 1182 1708 aut
1205 1644 1352 1709 fortasse

231 1733 441 1818 propinquos
464 1754 526 1816 pro
543 1732 693 1796 filiorum
708 1734 840 1816 nuptiis
857 1753 972 1797 coram
986 1732 1134 1797 testibus
1151 1733 1353 1816 precesserit

231 1821 397 1898 definitio,
429 1824 465 1885 et
494 1820 619 1884 anulus
649 1841 803 1883 arrarum
830 1821 968 1885 nomine
992 1822 1094 1884 datus
1120 1821 1251 1886 fuerit²
1272 1814 1349 1885 velf

231 1913 402 1994 aceeptus,
420 1909 575 1992 quamvis
591 1909 783 1993 scripturess
800 1930 869 1973 non
884 1910 1128 1986 intercurrant,
1152 1908 1351 1974 nullatenus

231 1999 409 2084 promissio
431 1998 590 2063 violetur.
636 1997 710 2062 Nec
733 1997 837 2062 liceat
860 1998 922 2060 uni
944 1998 1037 2081 parti
1060 2018 1157 2061 suam
1179 1998 1351 2062 inmutare

231 2087 449 2170 aliquatenus
472 2086 708 2163 volumtatem,
737 2087 766 2150 si
789 2106 868 2169 pars
892 2085 1003 2150 altera
1026 2078 1188 2169 prevereh
1215 2105 1352 2149 consen-

231 2196 306 2239 sum
328 2175 496 2253 noluerit;
521 2176 582 2240 sed
605 2176 795 2239 secundum
817 2174 930 2257 legem
953 2167 1115 2238 alteram¹
1138 2174 1352 2238 constitutio-

230 2285 309 2328 nem
340 2264 431 2328 dotis
458 2263 601 2346 inpleta,
632 2264 833 2347 nuptiarum
855 2263 948 2326 inter
971 2282 1028 2326 eos
1052 2265 1238 2345 peragatur
1260 2262 1352 2326 festa

232 2351 424 2415 celebritas.

318 2519 388 2576 1111.
419 2519 587 2601 FLAVIUS
607 2518 821 2575 GLORIOSUS
839 2518 1150 2575 Rnccassvninus
1168 2519 1256 2574 Rnx.

274 2631 334 2696 Ne
372 2632 482 2696 viris
520 2631 701 2695 minoris
741 2632 878 2696 etatis
916 2632 1102 2696 maiores
1144 2631 1305 2696 femine

626 2721 954 2804 disponsentur.

337 2825 420 2889 Ius³
457 2827 581 2889 nature
620 2829 704 2890 tunc
740 2826 864 2890 directi
901 2826 939 2888 in
973 2845 1069 2910 spem
1103 2825 1350 2909 procreationis

230 2914 348 2978 future
378 2914 636 2990 transmittitur,
668 2935 747 2978 cum
776 2914 978 2998 nuptiarum
1007 2914 1109 2978 fedus
1131 2914 1260 2977 totius³
1288 2913 1350 2977 sol·

230 3001 421 3068 lemnitatis
444 3002 626 3066 concordia
646 3001 836 3065 ordinatur.
882 3002 972 3065 Nam
996 3003 1025 3066 si
1049 3005 1110 3065 aut
1133 3005 1265 3066 etatum
1289 3004 1351 3064 aut

230 3111 451 3176 personarum
474 3091 712 3174 inconpetenti
733 3090 933 3155 condicione
950 3090 1147 3154 adnectitur
1164 3082 1345 3174 copulumb

228 3179 400 3264 nuptiale,
437 3178 521 3261 quid
549 3182 658 3242 restat
687 3178 725 3241 in
754 3179 1001 3263 procreationis
1032 3179 1177 3262 origine,
1213 3177 1280 3240 nisi
1309 3181 1350 3241 ut

230 3269 322 3352 quod
349 3269 544 3332 nasciturus
569 3271 621 3332 est
644 3271 705 3330 aut
730 3267 893 3331 dissimile
924 3270 1062 3330 maneat
1092 3269 1154 3329 aut
1181 3265 1350 3329 biforme?

229 3357 303 3421 Nec
334 3357 425 3420 enim
455 3356 584 3440 poterit
615 3356 653 3418 in
682 3357 776 3440 pacis
807 3355 990 3420 concordia
1018 3355 1128 3431 nasci,
1164 3354 1265 3436 quod-
1289 3374 1351 3437 per

230 3446 436 3509 discordiam
463 3445 606 3528 originis
633 3445 807 3509 noscitur⁰
835 3438 1031 3507 seminarii.
1077 3442 1235 3506 Vidimus
1259 3442 1350 3506 enim

368 3617 501 3656 constiterat
515 3617 561 3658 121.

336 3616 378 3710 lll.
419 3671 441 3717 a)
455 3669 560 3717 abrogari
574 3670 621 3711 ΕΙ.
688 3668 711 3720 b)
725 3668 818 3709 licenda
832 3669 878 3710 121.
939 3670 960 3715 o)
973 3678 1015 3717 pro
1029 3678 1070 3707 suo
1084 3668 1128 3709 des.
1142 3668 1188 3708 Rl.
1256 3663 1351 3714 d)d11a·

231 3723 293 3761 tione
307 3721 354 3762 121.
402 3723 422 3769 a)
436 3723 493 3760 decet
506 3723 555 3765 122.
602 3722 658 3773 θοι
672 3723 717 3765 Rl.
765 3724 787 3770 g)
802 3722 914 3771 scripturn
928 3722 975 3764 Rl.
1023 3721 1047 3770 h)
1060 3720 1156 3770 prebere
1170 3719 1220 3762 Rs.
1264 3720 1280 3768 i)
1295 3720 1350 3768 leae:

231 3775 303 3814 alters
317 3773 485 3816 constitutione.
875 3782 876 3785 ’

336 3827 573 3875 1111.a)0tius121.
614 3828 637 3877 b)
652 3825 712 3876 quod
721 3827 812 3878 plurimi
826 3826 1130 3875 B1.'c)nonseiturlil.
1171 3823 1196 3874 d)
1209 3825 1350 3867 seminalil.

232 3968 258 4035 1)
276 3968 317 4032 Cf.
336 3968 368 4021 F.
386 3968 483 4033 Dabn,
511 3970 618 4034 ‘Westu
636 3969 725 4022 scau!
747 3986 776 4035 p.
791 3969 843 4023 114
859 3984 912 4035 sq.,·
939 3968 973 4022 R.
992 3967 1085 4032 Solam,
1114 3966 1203 4019 ‘Bccht
1228 3967 1255 4020 d.
1281 3965 1351 4018 Eho-

231 4039 403 4104 scblc'cssunq’
418 4057 447 4106 p.
467 4041 503 4094 54
520 4056 574 4105 sqq.
658 4040 685 4106 2)
702 4039 734 4093 F.
753 4039 902 4104 Hosmann,
923 4039 1017 4090 ‘Ueber
1034 4039 1084 4090 den
1101 4037 1276 4102 Vcrlobunys-
1294 4037 1352 4088 ‘uad

231 4110 281 4160 den
302 4109 452 4175 Traura'nffl
476 4111 507 4161 ia
531 4110 583 4163 ‘W.
603 4109 667 4162 SB!
685 4109 769 4160 LXV
786 4111 899 4175 (1870),
924 4127 953 4176 p.
971 4110 1026 4164 855
1044 4125 1114 4175 sqq,
1139 4108 1220 4161 Sohm
1245 4107 1263 4161 l.
1282 4123 1303 4161 c.
1328 4113 1351 4159 ct
1456 4128 1458 4133 >

227 4198 256 4247 p.
272 4181 324 4234 104
335 4196 373 4246 sq.
442 4180 470 4248 3)
487 4181 527 4232 Dc
544 4180 683 4245 inaequali
699 4185 783 4232 aeiatc
799 4196 852 4247 pro
870 4181 1054 4248 mpedimento
1071 4180 1241 4231 matrimonii
1257 4178 1351 4229 habita

229 4252 265 4315 cf.
283 4251 364 4302 etiam
383 4250 458 4305 Cone.
477 4250 597 4303 Foroial.
623 4265 649 4304 a.
663 4253 723 4305 791.
747 4267 769 4304 c.
788 4253 818 4316 9,
846 4252 950 4317 Manui,
977 4251 1068 4317 Ampl.
1093 4265 1163 4303 coac,
1188 4249 1246 4303 coll.
1265 4248 1349 4312 XIII,

230 4322 277 4375 col.
290 4323 343 4376 848
356 4337 425 4388 sqq.,·
443 4321 500 4375 LL.
515 4322 578 4389 Cap.
593 4321 616 4385 Ι,
630 4338 657 4388 p.
671 4323 732 4387 232,
745 4337 766 4375 c.
778 4324 809 4383 1,·
827 4322 945 4386 Bithter,
960 4320 1125 4373 ‘Korma’
1137 4320 1176 4374 cd.
1189 4321 1215 4375 8.
1231 4337 1259 4386 p.
1272 4321 1349 4374 1081·
