3000 4934
352 357 430 414 LEX
449 358 565 417 visus.
584 359 854 419 Raceassvma.
891 360 958 429 VH,
978 365 1003 430 1,
1021 364 1047 418 4.
1066 363 1096 430 ὃς
1115 365 1141 418 2.
1255 363 1308 418 205

187 545 354 625 quantum
377 561 431 607 res
455 543 613 622 valuerit,
646 563 712 627 que
739 539 857 610 furtod
884 543 1003 609 ablata
1031 547 1099 621 est;
1131 544 1160 609 si
1189 548 1308 608 tamen

187 631 325 696 domino
349 631 399 696 rei
423 633 613 717 conpositio
629 632 736 698 tuerit
752 632 919 699 exsoluta.
967 633 1003 697 Si
1024 636 1140 698 autem
1160 632 1241 697 talis
1262 633 1308 697 sit

186 718 332 785 tortasse
357 721 522 799 condicio,
546 724 587 786 ut
610 741 748 788 necesse
771 722 817 787 sit
840 721 950 800 illum,
976 722 1036 805 qui
1057 721 1115 785 tur
1131 721 1306 805 probatur,

187 809 306 885 occidi,
336 811 372 872 et
399 809 489 873 nihil
518 810 560 875 de
584 811 657 875 eius
680 809 909 875 facultatibus
932 811 1138 887 inveniatur,
1170 813 1251 873 aut⁰
1280 810 1308 874 si

187 917 302 962 servus
325 897 442 976 fuerit,
467 901 504 964 et
527 899 686 964 domiuus
709 899 799 964 servi
821 899 1051 965 substantiam
1068 899 1141 964 eius
1162 918 1222 963 sue
1238 898 1308 962 vin·

188 986 280 1049 dicet
310 988 485 1070 potestati,
515 990 551 1052 et
578 988 616 1051 in
644 987 915 1071 conpositionem
943 988 1002 1071 qui
1029 988 1227 1072 perdiderat
1254 1006 1308 1051 res

188 1094 266 1138 suas
289 1075 378 1138 nihil
401 1075 510 1140 tuerit
533 1079 748 1153 consecutus,
771 1079 857 1141 tunc
879 1077 1021 1141 tertiam
1044 1079 1178 1159 partem
1204 1076 1246 1140 de
1271 1094 1308 1139 re

187 1166 350 1246 repperta
378 1184 438 1246 pro
467 1157 681 1228 mercedemb
708 1164 829 1228 indicii
853 1167 1092 1247 consequatur,
1116 1167 1152 1229 et
1176 1163 1310 1229 delator

189 1251 278 1314 nihil
303 1251 451 1334 amplius
475 1252 545 1315 iam
568 1251 731 1334 requirat.

610 1420 646 1480 V.
676 1420 891 1492 cumaena.

192 1531 234 1596 Si
262 1533 473 1598 innocens
501 1534 544 1597 in
572 1553 842 1618 quocumque
870 1534 1053 1599 crimine
1076 1538 1311 1600 accusetur

601 1615 677 1687 abl
704 1615 891 1689 indiceb.

297 1726 534 1812 Quicumquel
556 1731 739 1795 accusatur
761 1729 798 1794 in
822 1728 974 1808 crimine,
998 1729 1036 1794 id
1058 1732 1111 1795 est
1133 1730 1309 1807 veneficio,

189 1816 367 1894 maleficio,
403 1817 498 1882 furto
533 1821 595 1882 aut
625 1818 899 1902 quibuscumque
928 1817 1032 1883 iactis
1061 1818 1218 1895 inlicitis,
1256 1819 1311 1883 ad·

189 1908 326 1969 cusator
349 1906 422 1969 eius
446 1910 629 1971 concurrat
653 1907 697 1972 ad
714 1907 875 1972 comitem
899 1906 1050 1971 civitatis
1073 1905 1129 1971 vel
1152 1906 1310 1983 iudicem,

188 1994 225 2057 in
241 1994 339 2058 cuius
355 1997 407 2058 est
422 1995 596 2059 territorio
613 1996 835 2072 constitutus,
860 1997 900 2058 ut
922 1994 990 2078 ipsi
1014 1995 1202 2059 secundum
1220 1993 1312 2077 leges

189 2102 327 2147 eausam
345 2082 569 2148 discutiantt.
617 2078 684 2146 nte
707 2104 786 2148 eum
810 2081 1016 2165 agnoverint
1039 2082 1169 2146 crimen
1191 2082 1312 2147 admis-

190 2191 275 2248 sum,
299 2191 396 2235 reum
421 2166 554 2236 comcs‘l
582 2174 644 2236 aut
666 2171 771 2236 iudex
794 2170 1070 2256 conprehendat;
1102 2173 1138 2236 et
1168 2170 1197 2234 si
1225 2170 1313 2254 capi·

189 2258 277 2322 talia
291 2279 362 2323 non
379 2258 565 2338 admiserit,
589 2262 675 2324 tunc
700 2260 741 2335 ei,
767 2259 822 2324 cui
845 2278 924 2325 reus
948 2261 1010 2335 est,
1036 2262 1097 2324 aut
1120 2277 1313 2345 conponere

191 2347 417 2433 conpellatur,
446 2351 517 2425 aut,
542 2348 664 2414 sinon
688 2348 860 2426 habuerit,
885 2349 977 2415 unde
1001 2351 1183 2433 conponat,
1212 2348 1312 2414 servi·

188 2439 288 2501 turus
312 2437 343 2501 ei
366 2436 539 2516 tradatur;
569 2438 598 2503 si
621 2457 701 2503 vero
724 2438 889 2503 innocens
913 2436 1135 2523 adprobatur,
1160 2437 1203 2503 de
1227 2437 1312 2501 iudi·

189 2525 241 2590 cio
257 2546 396 2591 securus
413 2525 587 2593 abscedat.
624 2526 690 2612 Ille
705 2544 796 2606 vero,
821 2527 880 2610 qui
896 2526 1107 2605 accusabit⁰,
1132 2529 1168 2593 ct
1187 2544 1312 2612 penam

188 2617 224 2678 et
248 2615 412 2680 damnum
435 2616 610 2703 suscipiat,
634 2616 728 2701 quod
751 2615 873 2682 debuit
896 2608 1048 2702 percipis
1067 2619 1258 2695 accusatus,
1283 2614 1312 2680 si

189 2704 231 2767 de
262 2704 404 2770 crimine
433 2704 558 2771 fuisset
588 2704 776 2770 convictus.
824 2702 945 2771 (lomes
974 2708 1093 2771 tamen
1123 2708 1185 2770 aut
1208 2703 1312 2769 iudex

188 2792 324 2857 nullum
348 2793 519 2860 discutere
543 2793 636 2859 solus
660 2796 846 2878 presumat,
874 2811 918 2858 ne
942 2791 1083 2876 aliquod
1107 2793 1215 2876 possit
1238 2811 1312 2858 esse

189 2881 403 2959 conludium,
448 2885 487 2945 ut
525 2882 690 2947 innocens
728 2881 875 2946 fortasse
918 2884 1094 2946 tormenta
1131 2881 1311 2945 sustineat.

188 2969 288 3034 Prius
303 2973 421 3035 tamen
437 2989 524 3054 pene
540 2990 610 3035 non
627 2969 814 3046 subiaceat,
838 2989 942 3052 quam
965 2972 1027 3034 aut
1050 2968 1114 3033 sub
1139 2967 1313 3052 presentia

188 3057 342 3121 iudicum
377 3057 570 3121 manifestis
605 3057 867 3142 probationibus
902 3060 1078 3142 arguatur,
1114 3059 1176 3120 aut
1208 3058 1311 3132 certe,

189 3146 280 3209 sicut
303 3146 340 3208 in
363 3144 440 3209 aliis
464 3145 599 3228 legibus
623 3145 820 3210 continetur
830 3145 851 3223 ²,
883 3165 963 3211 eum
990 3146 1170 3210 accusator
1198 3143 1312 3209 iuscri-

189 3233 266 3311 bat;
299 3236 335 3299 et
365 3233 413 3298 sic
440 3233 478 3296 in
502 3232 677 3316 presentia
699 3232 852 3299 iudicum
876 3233 1033 3317 superius
1057 3232 1312 3297 nominatorum

189 3321 378 3405 questionis
403 3323 556 3405 agitetur
579 3341 732 3387 examen.

303 3589 352 3653 ΙΙ.
369 3589 583 3655 TITULUS:
621 3587 683 3653 Da*
708 3586 911 3654 FURIBUS
935 3586 992 3651 ΕΤ
1017 3583 1193 3651 auaris,

338 3731 366 3796 Ι.
406 3731 451 3798 Ut
474 3735 634 3816 exponat,
658 3731 742 3817 quid
765 3730 889 3816 querit,
914 3728 974 3814 qui
997 3747 1070 3794 rem
1089 3726 1255 3793 furtivam
1275 3745 1311 3795 se

402 3841 545 3905 querere
569 3820 664 3887 dicit.

296 4008 458 4059 dlturtulti.
512 4013 534 4059 e)
548 4015 574 4051 ut
588 4011 634 4054 111.

297 4064 322 4106 V.
364 4065 386 4111 s)
400 4064 456 4103 duct
470 4063 518 4106 Rs.
580 4063 603 4112 b)
617 4063 645 4103 sb
660 4060 736 4105 iudico
753 4062 797 4106 des,
811 4062 858 4106 ar.
919 4059 1088 4111 cldlstuttlsut
1102 4060 1147 4105 ai.
1203 4057 1226 4109 d)
1241 4058 1271 4102 ltr
1285 4080 1310 4092 -··

190 4127 263 4157 comes
277 4118 321 4159 des.
335 4116 382 4160 Ill.
436 4119 457 4165 s)
471 4117 587 4159 saeussvlt
601 4116 621 4157 a
630 4117 649 4162 l.
703 4117 722 4166 t>
735 4116 767 4157 lta
781 4115 828 4159 131.
842 4115 894 4168 rer,
910 4114 1006 4166 vsnsrrl
1021 4115 1041 4156 lt
1050 4113 1069 4158 i.

191 4259 217 4320 ll
234 4257 307 4310 How
326 4259 369 4310 lec
386 4273 419 4310 aa
435 4263 514 4326 paru
533 4259 562 4310 in
579 4258 674 4325 Lepem
692 4259 787 4314 Bolus.
807 4261 833 4326 a,
848 4258 892 4314 18.
910 4262 1013 4326 respa
1031 4262 1076 4314 ert.
1130 4256 1158 4322 2)
1170 4253 1212 4320 Os.
1225 4269 1310 4324 capra

195 4329 240 4395 VI,
262 4331 286 4396 1,
306 4330 339 4391 2,·
357 4328 390 4384 L.
409 4328 484 4384 Rom.
503 4330 556 4385 Vis.
576 4330 604 4384 C.
621 4329 669 4386 Th.
688 4329 741 4398 IX,
762 4333 786 4398 1,
807 4331 832 4386 6.
850 4331 877 4388 8.
896 4331 922 4387 a
937 4331 979 4385 11.
