3000 4934
269 375 305 429 92
473 371 551 426 Lex
569 370 684 428 VIsro.
703 370 972 428 Recenssvmn.
1009 370 1064 439 ΠΙ,
1084 376 1108 440 1,
1123 377 1147 427 7.
1166 375 1192 428 8.

685 547 753 603 vn.
783 546 969 617 aurnum

270 659 326 724 Ut
364 663 489 745 patre
532 664 701 725 mortuo
743 661 976 743 utriusque
1020 680 1145 724 sexus
1188 659 1393 723 filiorum

314 749 570 813 coniunctio
600 749 644 811 in
674 749 826 812 matris
856 751 1084 833 potestate
1115 748 1344 812 consistat.

374 853 501 918 Patre¹
543 857 679 918 mortuo
725 855 905 938 utriusque
950 858 1074 918 senusa
1121 853 1271 917 filiorum
1314 873 1391 917 con-

268 942 399 1005 iunctio
422 941 459 1005 in
475 943 594 1005 matris
611 944 783 1027 potestate
807 942 988 1018 consistat3
1014 945 1124 1005 matre
1139 962 1220 1006 vero
1240 945 1389 1018 mortua,

269 1033 330 1092 aut
353 1030 382 1093 si
405 1029 450 1092 ad
473 1030 558 1094 alias
582 1031 722 1114 nuptias
751 1031 843 1094 forte
872 1030 1059 1107 transierit,
1090 1029 1217 1094 fratres
1246 1029 1388 1112 eligant,

268 1118 325 1181 cui
348 1111 505 1200 digniusb
533 1138 619 1202 puer
641 1118 697 1182 vel
720 1118 837 1202 puella
864 1119 1038 1202 iungatur.
1085 1116 1186 1195 Quod
1210 1118 1239 1181 si
1261 1117 1389 1182 fratres

270 1206 343 1269 eius
374 1206 476 1269 etatis
506 1227 576 1270 non
605 1206 745 1282 fuerint,
778 1210 818 1269 ut
846 1227 965 1271 eorum
992 1207 1139 1270 iudicio⁰
1169 1206 1294 1270 debeat
1317 1226 1389 1288 ger·

268 1314 388 1358 manus
412 1297 473 1357 aut
496 1314 660 1378 germana
683 1295 850 1372 conmitti,
881 1298 966 1358 tunc
996 1297 1140 1378 patruus
1164 1295 1206 1358 de
1231 1293 1389 1358 coniunc-

266 1383 362 1446 tione
386 1403 504 1446 eorum
527 1382 655 1447 habeat
678 1385 896 1467 potestatem.
933 1382 1034 1447 Certe
1051 1382 1080 1447 si
1095 1402 1277 1466 germanus
1294 1376 1385 1444 iuml

268 1471 500 1535 adulescentie
529 1472 655 1535 habet⁰
685 1474 813 1535 etatem
842 1473 877 1535 et
905 1471 1136 1555 proximorum
1159 1470 1275 1534 renuit
1298 1469 1388 1533 solli·

268 1558 466 1635 citudinem,
496 1559 541 1621 sit
564 1559 617 1621 illi
640 1562 793 1642 potestas
817 1560 1023 1643 condignam
1046 1559 1112 1623 sibi
1135 1559 1387 1623 coniunctionis

267 1666 408 1728 querere
443 1646 613 1729 copulam.
671 1646 724 1710 De
759 1647 876 1730 puella
909 1668 1004 1725 vero,
1040 1647 1069 1711 si
1103 1648 1147 1710 ad
1182 1647 1388 1730 petitionem

265 1735 373 1818 ipsius
401 1734 465 1810 his,
496 1736 555 1816 qui
578 1735 754 1799 natalibus
777 1736 850 1799 eius
872 1735 1011 1799 videtur
1033 1735 1173 1819 equalis,
1205 1735 1388 1799 accesserit

266 1823 403 1906 petitor,
428 1825 513 1885 tunc
536 1826 681 1906 patruus
705 1824 775 1887 sive
798 1817 945 1887 fratresf
965 1845 1043 1888 curn
1059 1823 1222 1907 proximis
1238 1823 1387 1906 parenti-

266 1912 329 1975 bus
354 1910 614 1994 conloquuntur,
639 1912 669 1975 si
690 1912 826 1976 velintss
853 1912 1025 1996 suscipere
1043 1912 1236 1996 petitorem,
1261 1913 1302 1973 ut
1325 1914 1387 1973 aut

266 2000 439 2064 communi
460 1999 641 2064 voluntate
671 2001 868 2084 iungantur,
900 2003 961 2063 aut
991 1999 1144 2064 omnium
1173 1999 1301 2063 iudicio
1332 1999 1387 2062 de-

264 2091 421 2172 negetur.

675 2186 971 2258 ruinamque.

267 2299 310 2364 Si
343 2301 509 2364 iratres
547 2301 728 2385 nuptias
767 2300 916 2384 puelle
957 2300 1194 2376 differant,
1236 2301 1310 2362 aut
1350 2300 1386 2361 si

393 2388 545 2471 puella
574 2388 782 2473 inpudice
812 2389 992 2472 nuptias
1022 2389 1255 2471 presumat.

372 2493 409 2557 si
431 2494 558 2558 fratres
580 2495 720 2579 nuptias
743 2495 859 2578 puelle
883 2495 946 2558 sub
971 2514 1012 2558 ea
1035 2494 1232 2558 conditione
1248 2513 1386 2577 suspen-

266 2582 359 2658 dant,
388 2584 429 2644 ut
452 2583 497 2646 ad
519 2583 703 2645 marituma
730 2583 792 2645 illa
815 2583 1028 2666 confugiens,
1057 2583 1154 2645 iuxta
1176 2582 1289 2665 legem
1312 2602 1386 2664 por-

145 2675 147 2678 ’
264 2671 394 2733 tionem
423 2671 516 2734 inter
538 2671 664 2734 iratres
688 2690 767 2734 suos
791 2671 833 2735 de
856 2672 955 2735 bonis
978 2673 1161 2754 parentum
1183 2691 1254 2734 non
1276 2670 1386 2754 possit

265 2759 338 2822 acci
364 2778 428 2835 ere,
454 2761 490 2822 et
513 2758 565 2822 bis
589 2761 650 2821 aut
672 2759 777 2823 tertio
800 2760 1009 2824 removerint
1031 2759 1231 2843 petitorem:
1257 2757 1384 2842 puella,

265 2866 330 2929 que
358 2898 365 2924 ,
389 2847 537 2910 fratrum
553 2847 745 2912 calliditate
769 2851 982 2932 prespecta0,
1007 2848 1190 2910 marituma
1209 2845 1386 2909 natalibus

265 2935 335 2998 suis
362 2935 521 3017 ,equalem
553 2935 737 3000 crediderit
769 2936 1013 3019 expetendum,
1049 2938 1133 2998 tune
1163 2936 1334 3018 integram
1365 2955 1386 2997 a

264 3023 440 3100 fratribus
469 3044 534 3106 que
558 3024 591 3088 ei
614 3024 657 3087 de
680 3027 864 3107 parentum
886 3025 1081 3088 hereditate
1104 3017 1284 3099 debeturd,
1312 3041 1385 3106 per·

265 3112 371 3196 cipiat
400 3113 603 3195 portionem.
652 3110 752 3191 Quod
775 3113 804 3176 si
826 3133 962 3176 rursum
992 3112 1081 3175 nihil
1110 3112 1236 3176 iratres
1264 3112 1385 3174 contra

264 3220 414 3264 sororem
445 3201 657 3265 meditentur
687 3201 868 3265 adversum
898 3204 934 3265 et
963 3200 1091 3264 idcirco
1122 3201 1307 3274 morentur,
1343 3201 1385 3260 ut

264 3289 372 3352 sorori
388 3289 591 3374 provideant
607 3290 808 3373 digniorem,
833 3292 869 3353 et
891 3289 953 3352 illa
976 3289 1168 3352 honestatis
1187 3307 1247 3351 sue
1263 3286 1382 3363 oblita,

263 3396 407 3460 persone
437 3398 497 3442 sue
527 3400 597 3441 non
627 3379 782 3462 cogitans
813 3380 956 3453 statum,
992 3377 1037 3440 ad
1066 3376 1265 3440 inferiorem
1291 3374 1383 3438 forte

264 3467 426 3528 maritum
450 3466 660 3542 devenerit⁰,
689 3466 882 3548 portionem
905 3485 1011 3541 suam,
1043 3465 1113 3528 sive
1141 3463 1285 3528 divisam
1313 3463 1383 3525 sive

262 3573 333 3616 non
363 3554 516 3630 divisam,
548 3574 650 3635 quam
681 3554 724 3616 de
753 3553 923 3616 facultate
954 3556 1136 3636 parentum
1164 3553 1279 3615 fuerat
1307 3571 1382 3615 con·

263 3642 437 3718 secutura,
473 3641 622 3704 amittat.
675 3641 720 3703 In
753 3634 928 3703 fratrumf
961 3660 1042 3704 vero
1077 3644 1112 3704 et
1144 3660 1298 3704 sororum
1326 3638 1382 3703 vel

263 3728 409 3790 aliorum
439 3730 622 3811 parentum
652 3728 880 3793 hereditatem
909 3729 1127 3812 ingrediendi
1150 3722 1202 3792 eib
1230 3726 1383 3792 concedi-

263 3835 339 3878 mus
363 3818 582 3899 potestatem.

370 3970 420 4012 v11.
461 3973 483 4020 a)
501 3981 579 4021 censue
594 3972 640 4014 111.
707 3971 730 4020 b)
748 3969 829 4020 dignus
843 3972 890 4014 Bl.
958 3974 978 4019 c)
992 3969 1101 4011 iudicium
1114 3973 1161 4014 121.
1229 3969 1382 4020 d)dccet121.

264 4022 445 4071 arabeum.
498 4025 607 4072 oum.
661 4025 818 4075 g)velit131;
838 4025 982 4067 velllnth.

370 4078 432 4119 Vlll.
473 4079 494 4125 a)
509 4078 589 4117 marito
603 4078 650 4120 121.
724 4078 748 4126 b)
761 4079 817 4117 decet
831 4079 878 4121 121.
946 4080 966 4126 c)
980 4080 1012 4116 tta
1026 4077 1102 4120 Bkt.
1171 4075 1196 4127 d)
1210 4074 1322 4117 debentur
1336 4077 1382 4119 ΕΙ.

263 4130 285 4177 e)
298 4127 418 4170 advenerit
432 4131 478 4173 Rl.
532 4132 550 4179 t)
563 4131 684 4171 fratrorum
698 4131 744 4173 ΕΙ.

263 4254 290 4319 1)
308 4254 349 4318 Of.
362 4254 436 4320 Rene,
451 4255 494 4309 (θ.
507 4257 532 4309 d.
547 4255 582 4308 D.
596 4255 832 4319 Voranundschaft'
847 4256 870 4320 I,
888 4273 917 4323 p.
929 4256 983 4310 254
995 4271 1048 4322 eq.,·
1065 4255 1157 4321 Dahn,
1173 4254 1281 4319 ‘cht9.
1294 4252 1382 4305 stad)

259 4326 362 4392 12128.
393 4326 433 4377 Dc
450 4328 549 4378 metris
565 4342 646 4394 super
663 4326 735 4391 filios
748 4333 876 4393 potestate
893 4328 927 4391 cf.
947 4327 1025 4390 infre
1043 4326 1093 4391 IV,
1114 4327 1139 4390 3,
1160 4327 1184 4379 3.
