3000 4934
253 376 308 429 274
455 371 532 424 LEX
551 369 665 426 VISIG.
685 369 953 424 REOOESSVIND.
991 368 1090 438 VIIII,
1110 373 1134 436 3,
1153 373 1178 424 4.

256 556 419 618 diaconus
435 553 625 618 debitorem
638 553 710 616 sine
727 552 892 616 dilatione
907 553 1083 625 restituat3
1100 553 1150 614 ita
1164 556 1204 615 ut
1220 553 1306 636 ipse,
1323 554 1387 636 qui

255 644 411 707 debiturn
430 642 567 725 repetit,
590 661 805 723 nequaquam
824 634 1023 705 concidereb
1041 646 1139 705 eum⁰
1161 645 1223 704 aut
1244 637 1382 724 ligared

255 734 439 815 presumat,
464 731 523 812 qui
540 731 584 793 ad
601 729 723 793 eclesie
740 729 925 792 auxilium⁰
947 730 1114 804 decurrit,
1140 730 1200 794 sed
1217 734 1386 813 presente

255 820 454 903 presbytero
477 819 531 883 vel
557 818 701 881 diacono
725 819 966 892 constituatur,
998 819 1092 881 intra
1119 820 1211 900 quod
1240 822 1386 902 tempus

255 909 287 972 ei
318 908 473 970 debitum
503 908 720 970 reformetur.
775 905 864 984 Quia
894 906 976 970 licet
1007 907 1128 971 eclesie
1159 906 1386 970 interventus

255 995 431 1077 religionis
456 989 768 1077 contemplationef
796 995 1014 1069 concedatur,
1046 995 1159 1060 aliena
1186 998 1308 1059 tamen
1333 1016 1386 1059 re·

254 1084 358 1147 tineri
382 1105 451 1146 non
475 1086 649 1166 poterunt.
696 1082 749 1147 De
774 1083 967 1147 homicidiis
996 1087 1121 1158 autem,
1151 1083 1321 1147 maleficis
1346 1087 1386 1147 et

255 1172 414 1236 veneficis
438 1172 474 1234 in
498 1193 615 1235 eorum
638 1171 752 1234 titulis
777 1172 869 1254 leges
893 1175 975 1235 sunt
998 1172 1201 1254 requirendo
1214 1171 1234 1232 ¹.

362 1345 384 1391 b)
402 1342 546 1385 cederem.
627 1343 648 1394 c)
665 1344 788 1391 tantm.
867 1342 890 1391 d)
909 1354 959 1382 eum
975 1345 1086 1387 udd,Rl.
1167 1345 1188 1391 e)
1207 1344 1316 1382 sutilium
1332 1345 1385 1387 122.

255 1399 273 1445 f)
287 1398 498 1446 contemplationem
514 1398 560 1441 121,

256 1538 282 1602 1)
299 1538 380 1602 Leues
398 1540 533 1604 antiquas,
557 1539 594 1588 ad
612 1554 679 1604 quac
697 1537 760 1589 hooc
777 1538 856 1589 verba
874 1545 991 1604 spectare
1008 1539 1139 1603 videntur,
1163 1539 1309 1605 puraeque
1328 1554 1387 1590 non

255 1615 317 1659 cunt
339 1616 465 1662 servatae.
507 1610 599 1675 Supra
621 1611 691 1659 enim
713 1610 758 1673 VI,
782 1611 907 1675 2,1-4,
933 1610 980 1660 ubi
1004 1611 1035 1661 dt
1060 1609 1187 1674 maleficis
1210 1616 1235 1660 et
1260 1610 1387 1674 veneficis

255 1681 395 1743 statuitur,
415 1686 439 1730 et
457 1680 488 1730 de
506 1681 565 1731 ture
583 1680 667 1744 asylt't
684 1695 736 1730 nort
754 1682 848 1744 coitur
865 1687 889 1732 et
909 1681 975 1745 leoco
993 1687 1056 1732 strnt
1076 1680 1275 1731 Ohindasvinti
1292 1683 1387 1746 renim·

260 1750 305 1814 VI,
327 1751 417 1815 5,1o:
444 1749 474 1802 Si
499 1748 636 1801 homicida
661 1749 696 1800 ud
721 1749 863 1802 ecclesiam
890 1749 1038 1819 confugiat,
1064 1758 1101 1802 cst
1119 1752 1162 1802 lea
1181 1751 1388 1803 chindasvindi

255 1823 334 1886 renis.
364 1822 455 1872 Restat
474 1822 654 1872 tantummodo
667 1822 713 1885 VI,
728 1823 753 1885 5,
766 1824 807 1886 18,
829 1822 872 1873 lex
884 1824 1005 1888 antiqua,
1025 1838 1091 1888 quae
1110 1823 1167 1873 lata
1185 1829 1224 1874 est
1241 1823 1273 1872 de
1283 1825 1387 1889 parri-

255 1892 323 1942 cidis
341 1893 378 1942 od
396 1893 515 1944 ecolesma
533 1892 704 1957 fttqr'cnttbus.
