<?xml version="1.0" encoding="UTF-8"?>
<!DOCTYPE html PUBLIC "-//W3C//DTD XHTML 1.0 Transitional//EN"
    "http://www.w3.org/TR/xhtml1/DTD/xhtml1-transitional.dtd">
<html xmlns="http://www.w3.org/1999/xhtml" xml:lang="en" lang="en">
 <head>
  <title>
</title>
<meta http-equiv="Content-Type" content="text/html;charset=utf-8" />
  <meta name='ocr-system' content='tesseract 3.04.00' />
  <meta name='ocr-capabilities' content='ocr_page ocr_carea ocr_par ocr_line ocrx_word'/>
</head>
<body>
  <div class='ocr_page' id='page_1' title='image "./fontesiurisgerm01unkngoog_0218.png"; bbox 0 0 3000 4934; ppageno 0'>
   <div class='ocr_carea' id='block_1_1' title="bbox 306 357 1284 428">
    <p class='ocr_par' dir='ltr' id='par_1_1' title="bbox 306 357 1284 428">
     <span class='ocr_line' id='line_1_1' title="bbox 306 357 1284 428; baseline 0.002 -15"><span class='ocrx_word' id='word_1_1' title='bbox 306 358 384 413; x_wconf 80' lang='lat' dir='ltr'><strong>LEX</strong></span> <span class='ocrx_word' id='word_1_2' title='bbox 402 358 518 414; x_wconf 83' lang='lat' dir='ltr'><strong>VISIG.</strong></span> <span class='ocrx_word' id='word_1_3' title='bbox 537 357 806 415; x_wconf 79' lang='lat' dir='ltr'><strong>REOOESSVIND.</strong></span> <span class='ocrx_word' id='word_1_4' title='bbox 843 359 894 427; x_wconf 87' lang='lat' dir='ltr'><strong>VI,</strong></span> <span class='ocrx_word' id='word_1_5' title='bbox 914 364 940 428; x_wconf 80' lang='lat'><strong>2,</strong></span> <span class='ocrx_word' id='word_1_6' title='bbox 958 363 990 426; x_wconf 82' lang='lat'><strong>43</strong></span> <span class='ocrx_word' id='word_1_7' title='bbox 1014 361 1131 428; x_wconf 82' lang='lat'><strong>3‚1-3.</strong></span> <span class='ocrx_word' id='word_1_8' title='bbox 1232 363 1284 416; x_wconf 77' lang='lat'><strong>183</strong></span> 
     </span>
    </p>
   </div>
   <div class='ocr_carea' id='block_1_2' title="bbox 163 542 1284 805">
    <p class='ocr_par' dir='ltr' id='par_1_2' title="bbox 163 542 1284 805">
     <span class='ocr_line' id='line_1_2' title="bbox 164 542 1284 626; baseline -0.001 -19"><span class='ocrx_word' id='word_1_9' title='bbox 164 547 225 607; x_wconf 88' lang='lat' dir='ltr'><strong>aut</strong></span> <span class='ocrx_word' id='word_1_10' title='bbox 252 542 479 626; x_wconf 73' lang='lat' dir='ltr'>expleverint,</span> <span class='ocrx_word' id='word_1_11' title='bbox 511 562 572 626; x_wconf 90' lang='lat' dir='ltr'><strong>per</strong></span> <span class='ocrx_word' id='word_1_12' title='bbox 597 544 690 625; x_wconf 89' lang='lat' dir='ltr'><strong>quod</strong></span> <span class='ocrx_word' id='word_1_13' title='bbox 718 542 825 607; x_wconf 89' lang='lat' dir='ltr'><strong>alium</strong></span> <span class='ocrx_word' id='word_1_14' title='bbox 852 542 968 609; x_wconf 90' lang='lat' dir='ltr'><strong>ledere</strong></span> <span class='ocrx_word' id='word_1_15' title='bbox 995 544 1051 607; x_wconf 79' lang='lat' dir='ltr'><strong>vel</strong></span> <span class='ocrx_word' id='word_1_16' title='bbox 1077 543 1284 608; x_wconf 88' lang='lat' dir='ltr'><strong>mortificare</strong></span> 
     </span>
     <span class='ocr_line' id='line_1_3' title="bbox 163 631 1284 715; baseline -0.001 -19"><span class='ocrx_word' id='word_1_17' title='bbox 163 634 225 696; x_wconf 88' lang='lat' dir='ltr'><strong>ant</strong></span> <span class='ocrx_word' id='word_1_18' title='bbox 247 631 484 697; x_wconf 75' lang='lat' dir='ltr'><strong>obmutescere</strong></span> <span class='ocrx_word' id='word_1_19' title='bbox 507 631 640 709; x_wconf 83' lang='lat' dir='ltr'><strong>vellint,</strong></span> <span class='ocrx_word' id='word_1_20' title='bbox 669 635 711 696; x_wconf 93' lang='lat' dir='ltr'><strong>ut</strong></span> <span class='ocrx_word' id='word_1_21' title='bbox 741 633 905 696; x_wconf 89' lang='lat' dir='ltr'><strong>damnum</strong></span> <span class='ocrx_word' id='word_1_22' title='bbox 928 635 1002 696; x_wconf 93' lang='lat' dir='ltr'><strong>tam</strong></span> <span class='ocrx_word' id='word_1_23' title='bbox 1025 633 1061 695; x_wconf 93' lang='lat' dir='ltr'><strong>in</strong></span> <span class='ocrx_word' id='word_1_24' title='bbox 1085 631 1284 715; x_wconf 87' lang='lat' dir='ltr'><strong>corporibus</strong></span> 
     </span>
     <span class='ocr_line' id='line_1_4' title="bbox 163 720 1194 805; baseline -0.002 -21"><span class='ocrx_word' id='word_1_25' title='bbox 163 741 267 803; x_wconf 89' lang='lat' dir='ltr'><strong>quam</strong></span> <span class='ocrx_word' id='word_1_26' title='bbox 290 721 395 784; x_wconf 88' lang='lat' dir='ltr'><strong>etiam</strong></span> <span class='ocrx_word' id='word_1_27' title='bbox 418 721 455 783; x_wconf 90' lang='lat' dir='ltr'><strong>in</strong></span> <span class='ocrx_word' id='word_1_28' title='bbox 478 721 646 784; x_wconf 87' lang='lat' dir='ltr'><strong>universis</strong></span> <span class='ocrx_word' id='word_1_29' title='bbox 669 720 772 786; x_wconf 90' lang='lat' dir='ltr'><strong>rebus</strong></span> <span class='ocrx_word' id='word_1_30' title='bbox 794 720 917 786; x_wconf 85' lang='lat' dir='ltr'><strong>fecisse</strong></span> <span class='ocrx_word' id='word_1_31' title='bbox 940 722 1194 805; x_wconf 87' lang='lat' dir='ltr'><strong>repperiuntur.</strong></span> 
     </span>
    </p>
   </div>
   <div class='ocr_carea' id='block_1_3' title="bbox 185 967 1258 1138">
    <p class='ocr_par' dir='ltr' id='par_1_3' title="bbox 185 967 1258 1138">
     <span class='ocr_line' id='line_1_5' title="bbox 185 967 1258 1035; baseline 0 -4"><span class='ocrx_word' id='word_1_32' title='bbox 185 969 254 1031; x_wconf 93' lang='lat' dir='ltr'><strong>III.</strong></span> <span class='ocrx_word' id='word_1_33' title='bbox 271 968 486 1033; x_wconf 80' lang='lat' dir='ltr'>TITULUS:</span> <span class='ocrx_word' id='word_1_34' title='bbox 523 968 584 1031; x_wconf 81' lang='lat' dir='ltr'><strong>DE</strong></span> <span class='ocrx_word' id='word_1_35' title='bbox 616 968 995 1033; x_wconf 78' lang='lat' dir='ltr'>EXOUTIENTIBUS</span> <span class='ocrx_word' id='word_1_36' title='bbox 1025 967 1258 1035; x_wconf 84' lang='lat' dir='ltr'>HOMINUM</span> 
     </span>
     <span class='ocr_line' id='line_1_6' title="bbox 619 1074 822 1138; baseline -0.005 0"><span class='ocrx_word' id='word_1_37' title='bbox 619 1074 822 1138; x_wconf 85' lang='lat' dir='ltr'><strong>PARTUM.</strong></span> 
     </span>
    </p>
   </div>
   <div class='ocr_carea' id='block_1_4' title="bbox 135 1199 1283 1885">
    <p class='ocr_par' dir='ltr' id='par_1_4' title="bbox 256 1199 1188 1282">
     <span class='ocr_line' id='line_1_7' title="bbox 256 1199 1188 1282; baseline -0.002 -19"><span class='ocrx_word' id='word_1_38' title='bbox 256 1201 285 1263; x_wconf 87' lang='grc' dir='ltr'><strong>Ι.</strong></span> <span class='ocrx_word' id='word_1_39' title='bbox 321 1199 374 1263; x_wconf 92' lang='lat' dir='ltr'><strong>De</strong></span> <span class='ocrx_word' id='word_1_40' title='bbox 398 1200 461 1274; x_wconf 80' lang='lat' dir='ltr'><strong>his,</strong></span> <span class='ocrx_word' id='word_1_41' title='bbox 486 1199 545 1282; x_wconf 89' lang='lat' dir='ltr'><strong>qui</strong></span> <span class='ocrx_word' id='word_1_42' title='bbox 568 1199 745 1282; x_wconf 91' lang='lat' dir='ltr'><strong>potionem</strong></span> <span class='ocrx_word' id='word_1_43' title='bbox 769 1201 813 1262; x_wconf 92' lang='lat' dir='ltr'><strong>ad</strong></span> <span class='ocrx_word' id='word_1_44' title='bbox 837 1219 994 1262; x_wconf 87' lang='lat' dir='ltr'><strong>avorsum</strong></span> <span class='ocrx_word' id='word_1_45' title='bbox 1018 1199 1188 1263; x_wconf 75' lang='lat' dir='ltr'><strong>dederint.</strong></span> 
     </span>
    </p>

    <p class='ocr_par' dir='ltr' id='par_1_5' title="bbox 236 1286 1103 1371">
     <span class='ocr_line' id='line_1_8' title="bbox 236 1286 1103 1371; baseline -0.002 -20"><span class='ocrx_word' id='word_1_46' title='bbox 236 1289 285 1352; x_wconf 92' lang='lat' dir='ltr'><strong>II.</strong></span> <span class='ocrx_word' id='word_1_47' title='bbox 323 1287 359 1351; x_wconf 94' lang='grc' dir='ltr'><strong>δί</strong></span> <span class='ocrx_word' id='word_1_48' title='bbox 383 1288 554 1371; x_wconf 86' lang='lat' dir='ltr'><strong>ingenuus</strong></span> <span class='ocrx_word' id='word_1_49' title='bbox 576 1288 764 1370; x_wconf 84' lang='lat' dir='ltr'><strong>ingenuam</strong></span> <span class='ocrx_word' id='word_1_50' title='bbox 789 1286 948 1351; x_wconf 87' lang='lat' dir='ltr'><strong>abortare</strong></span> <span class='ocrx_word' id='word_1_51' title='bbox 971 1287 1103 1351; x_wconf 84' lang='lat' dir='ltr'><strong>feeerit.</strong></span> 
     </span>
    </p>

    <p class='ocr_par' dir='ltr' id='par_1_6' title="bbox 197 1375 1283 1548">
     <span class='ocr_line' id='line_1_9' title="bbox 216 1375 1283 1459; baseline -0.004 -19"><span class='ocrx_word' id='word_1_52' title='bbox 216 1377 286 1440; x_wconf 92' lang='lat' dir='ltr'><strong>III.</strong></span> <span class='ocrx_word' id='word_1_53' title='bbox 323 1376 359 1440; x_wconf 99' lang='grc' dir='ltr'><strong>δί</strong></span> <span class='ocrx_word' id='word_1_54' title='bbox 382 1377 535 1458; x_wconf 85' lang='lat' dir='ltr'><strong>ingenua</strong></span> <span class='ocrx_word' id='word_1_55' title='bbox 553 1375 677 1440; x_wconf 91' lang='lat' dir='ltr'><strong>mulier</strong></span> <span class='ocrx_word' id='word_1_56' title='bbox 692 1375 880 1458; x_wconf 87' lang='lat' dir='ltr'><strong>ingenuam</strong></span> <span class='ocrx_word' id='word_1_57' title='bbox 897 1375 1055 1440; x_wconf 87' lang='lat' dir='ltr'><strong>abortare</strong></span> <span class='ocrx_word' id='word_1_58' title='bbox 1079 1376 1283 1459; x_wconf 73' lang='lat' dir='ltr'><strong>conpulerit.</strong></span> 
     </span>
     <span class='ocr_line' id='line_1_10' title="bbox 197 1463 1063 1548; baseline -0.002 -20"><span class='ocrx_word' id='word_1_59' title='bbox 197 1465 286 1529; x_wconf 88' lang='lat' dir='ltr'><strong>IIII.</strong></span> <span class='ocrx_word' id='word_1_60' title='bbox 323 1465 360 1529; x_wconf 84' lang='lat' dir='ltr'><strong>Si</strong></span> <span class='ocrx_word' id='word_1_61' title='bbox 383 1465 555 1548; x_wconf 82' lang='lat' dir='ltr'><strong>ingenuus</strong></span> <span class='ocrx_word' id='word_1_62' title='bbox 578 1463 704 1529; x_wconf 87' lang='lat' dir='ltr'><strong>ancille</strong></span> <span class='ocrx_word' id='word_1_63' title='bbox 728 1469 867 1547; x_wconf 87' lang='lat' dir='ltr'><strong>partum</strong></span> <span class='ocrx_word' id='word_1_64' title='bbox 891 1463 1063 1528; x_wconf 83' lang='lat' dir='ltr'><strong>effuderit.</strong></span> 
     </span>
    </p>

    <p class='ocr_par' dir='ltr' id='par_1_7' title="bbox 245 1552 1058 1638">
     <span class='ocr_line' id='line_1_11' title="bbox 245 1552 1058 1638; baseline -0.001 -21"><span class='ocrx_word' id='word_1_65' title='bbox 245 1553 286 1617; x_wconf 91' lang='lat' dir='ltr'><strong>V.</strong></span> <span class='ocrx_word' id='word_1_66' title='bbox 323 1554 360 1617; x_wconf 89' lang='grc' dir='ltr'><strong>δί</strong></span> <span class='ocrx_word' id='word_1_67' title='bbox 383 1572 501 1618; x_wconf 84' lang='lat' dir='ltr'><strong>servus</strong></span> <span class='ocrx_word' id='word_1_68' title='bbox 523 1555 674 1636; x_wconf 85' lang='lat' dir='ltr'><strong>ingenue</strong></span> <span class='ocrx_word' id='word_1_69' title='bbox 697 1558 837 1638; x_wconf 85' lang='lat' dir='ltr'><strong>partum</strong></span> <span class='ocrx_word' id='word_1_70' title='bbox 860 1552 1058 1619; x_wconf 85' lang='lat' dir='ltr'><strong>excusserit.</strong></span> 
     </span>
    </p>

    <p class='ocr_par' dir='ltr' id='par_1_8' title="bbox 135 1642 1283 1885">
     <span class='ocr_line' id='line_1_12' title="bbox 224 1642 1073 1727; baseline -0.004 -20"><span class='ocrx_word' id='word_1_71' title='bbox 224 1643 286 1707; x_wconf 86' lang='lat' dir='ltr'><strong>VI.</strong></span> <span class='ocrx_word' id='word_1_72' title='bbox 322 1642 359 1706; x_wconf 94' lang='grc' dir='ltr'><strong>δί</strong></span> <span class='ocrx_word' id='word_1_73' title='bbox 382 1661 499 1707; x_wconf 85' lang='lat' dir='ltr'><strong>servus</strong></span> <span class='ocrx_word' id='word_1_74' title='bbox 523 1642 650 1706; x_wconf 79' lang='lat' dir='ltr'><strong>ancille</strong></span> <span class='ocrx_word' id='word_1_75' title='bbox 673 1642 924 1727; x_wconf 89' lang='lat' dir='ltr'><strong>partitudinem</strong></span> <span class='ocrx_word' id='word_1_76' title='bbox 948 1642 1073 1707; x_wconf 82' lang='lat' dir='ltr'><strong>leserit.</strong></span> 
     </span>
     <span class='ocr_line' id='line_1_13' title="bbox 135 1730 1283 1813; baseline -0.002 -18"><span class='ocrx_word' id='word_1_77' title='bbox 135 1776 140 1782; x_wconf 81' lang='lat'><em>-</em></span> <span class='ocrx_word' id='word_1_78' title='bbox 203 1731 285 1796; x_wconf 89' lang='lat' dir='ltr'><strong>VII.</strong></span> <span class='ocrx_word' id='word_1_79' title='bbox 321 1731 373 1796; x_wconf 94' lang='lat' dir='ltr'><strong>De</strong></span> <span class='ocrx_word' id='word_1_80' title='bbox 398 1731 462 1808; x_wconf 85' lang='lat' dir='ltr'><strong>his,</strong></span> <span class='ocrx_word' id='word_1_81' title='bbox 493 1731 552 1813; x_wconf 91' lang='lat' dir='ltr'><strong>qui</strong></span> <span class='ocrx_word' id='word_1_82' title='bbox 583 1730 672 1795; x_wconf 89' lang='lat' dir='ltr'><strong>filios</strong></span> <span class='ocrx_word' id='word_1_83' title='bbox 702 1751 781 1795; x_wconf 89' lang='lat' dir='ltr'><strong>suos</strong></span> <span class='ocrx_word' id='word_1_84' title='bbox 811 1735 873 1795; x_wconf 89' lang='lat' dir='ltr'><strong>aut</strong></span> <span class='ocrx_word' id='word_1_85' title='bbox 902 1735 1003 1795; x_wconf 91' lang='lat' dir='ltr'><strong>natos</strong></span> <span class='ocrx_word' id='word_1_86' title='bbox 1033 1735 1095 1796; x_wconf 90' lang='lat' dir='ltr'><strong>aut</strong></span> <span class='ocrx_word' id='word_1_87' title='bbox 1125 1731 1161 1794; x_wconf 92' lang='lat' dir='ltr'><strong>in</strong></span> <span class='ocrx_word' id='word_1_88' title='bbox 1185 1735 1283 1795; x_wconf 87' lang='lat' dir='ltr'><strong>utero</strong></span> 
     </span>
     <span class='ocr_line' id='line_1_14' title="bbox 320 1823 487 1885; baseline 0 -3"><span class='ocrx_word' id='word_1_89' title='bbox 320 1823 487 1885; x_wconf 56' lang='lat' dir='ltr'><strong>necantst.</strong></span> 
     </span>
    </p>
   </div>
   <div class='ocr_carea' id='block_1_5' title="bbox 184 1953 1260 2134">
    <p class='ocr_par' dir='ltr' id='par_1_9' title="bbox 184 1953 1260 2134">
     <span class='ocr_line' id='line_1_15' title="bbox 588 1953 856 2024; baseline 0.007 -15"><span class='ocrx_word' id='word_1_90' title='bbox 588 1954 611 2011; x_wconf 89' lang='lat'><strong>1.</strong></span> <span class='ocrx_word' id='word_1_91' title='bbox 643 1953 856 2024; x_wconf 73' lang='lat' dir='ltr'><strong>Annicula.</strong></span> 
     </span>
     <span class='ocr_line' id='line_1_16' title="bbox 184 2048 1260 2134; baseline -0.004 -20"><span class='ocrx_word' id='word_1_92' title='bbox 184 2051 243 2115; x_wconf 91' lang='lat' dir='ltr'><strong>De</strong></span> <span class='ocrx_word' id='word_1_93' title='bbox 272 2051 356 2127; x_wconf 79' lang='lat' dir='ltr'><strong>his,</strong></span> <span class='ocrx_word' id='word_1_94' title='bbox 389 2051 461 2133; x_wconf 93' lang='lat' dir='ltr'><strong>qui</strong></span> <span class='ocrx_word' id='word_1_95' title='bbox 489 2051 713 2134; x_wconf 89' lang='lat' dir='ltr'><strong>potionem</strong></span> <span class='ocrx_word' id='word_1_96' title='bbox 740 2050 791 2113; x_wconf 96' lang='lat' dir='ltr'><strong>ad</strong></span> <span class='ocrx_word' id='word_1_97' title='bbox 820 2048 1020 2113; x_wconf 78' lang='lat' dir='ltr'><strong>aborsum</strong></span> <span class='ocrx_word' id='word_1_98' title='bbox 1044 2049 1260 2113; x_wconf 85' lang='lat' dir='ltr'><strong>dederint.</strong></span> 
     </span>
    </p>
   </div>
   <div class='ocr_carea' id='block_1_6' title="bbox 161 2155 1284 2596">
    <p class='ocr_par' dir='ltr' id='par_1_10' title="bbox 161 2155 1284 2596">
     <span class='ocr_line' id='line_1_17' title="bbox 269 2155 1283 2239; baseline -0.003 -18"><span class='ocrx_word' id='word_1_99' title='bbox 269 2156 328 2221; x_wconf 88' lang='grc' dir='ltr'><strong>δί1</strong></span> <span class='ocrx_word' id='word_1_100' title='bbox 351 2156 427 2239; x_wconf 89' lang='lat' dir='ltr'><strong>quis</strong></span> <span class='ocrx_word' id='word_1_101' title='bbox 449 2155 588 2220; x_wconf 89' lang='lat' dir='ltr'><strong>mulieri</strong></span> <span class='ocrx_word' id='word_1_102' title='bbox 615 2155 800 2239; x_wconf 84' lang='lat' dir='ltr'><strong>pregnanti</strong></span> <span class='ocrx_word' id='word_1_103' title='bbox 823 2155 999 2238; x_wconf 86' lang='lat' dir='ltr'><strong>potionem</strong></span> <span class='ocrx_word' id='word_1_104' title='bbox 1028 2155 1098 2218; x_wconf 71' lang='lat' dir='ltr'><strong>ad²</strong></span> <span class='ocrx_word' id='word_1_105' title='bbox 1125 2174 1283 2219; x_wconf 84' lang='lat' dir='ltr'><strong>avorsum</strong></span> 
     </span>
     <span class='ocr_line' id='line_1_18' title="bbox 162 2243 1282 2329; baseline -0.002 -20"><span class='ocrx_word' id='word_1_106' title='bbox 162 2250 224 2310; x_wconf 89' lang='lat' dir='ltr'><strong>aut</strong></span> <span class='ocrx_word' id='word_1_107' title='bbox 246 2265 308 2329; x_wconf 89' lang='lat' dir='ltr'><strong>pro</strong></span> <span class='ocrx_word' id='word_1_108' title='bbox 330 2244 487 2309; x_wconf 84' lang='lat' dir='ltr'><strong>necando</strong></span> <span class='ocrx_word' id='word_1_109' title='bbox 510 2244 646 2308; x_wconf 85' lang='lat' dir='ltr'><strong>infante</strong></span> <span class='ocrx_word' id='word_1_110' title='bbox 670 2243 815 2320; x_wconf 85' lang='lat' dir='ltr'><strong>dederit,</strong></span> <span class='ocrx_word' id='word_1_111' title='bbox 840 2243 1060 2321; x_wconf 88' lang='lat' dir='ltr'><strong>hoccidatur;</strong></span> <span class='ocrx_word' id='word_1_112' title='bbox 1090 2247 1125 2308; x_wconf 90' lang='lat' dir='ltr'><strong>et</strong></span> <span class='ocrx_word' id='word_1_113' title='bbox 1148 2243 1282 2320; x_wconf 86' lang='lat' dir='ltr'><strong>mulier,</strong></span> 
     </span>
     <span class='ocr_line' id='line_1_19' title="bbox 161 2327 1284 2417; baseline 0 -20"><span class='ocrx_word' id='word_1_114' title='bbox 161 2327 248 2417; x_wconf 86' lang='lat' dir='ltr'><strong>queb</strong></span> <span class='ocrx_word' id='word_1_115' title='bbox 276 2333 453 2417; x_wconf 92' lang='lat' dir='ltr'><strong>potionem</strong></span> <span class='ocrx_word' id='word_1_116' title='bbox 483 2334 553 2397; x_wconf 65' lang='lat' dir='ltr'><strong>ada</strong></span> <span class='ocrx_word' id='word_1_117' title='bbox 580 2332 741 2397; x_wconf 87' lang='lat' dir='ltr'><strong>aborsum</strong></span> <span class='ocrx_word' id='word_1_118' title='bbox 766 2331 882 2397; x_wconf 82' lang='lat' dir='ltr'><strong>facere</strong></span> <span class='ocrx_word' id='word_1_119' title='bbox 905 2332 1064 2415; x_wconf 87' lang='lat' dir='ltr'><strong>quesibit,</strong></span> <span class='ocrx_word' id='word_1_120' title='bbox 1096 2333 1125 2397; x_wconf 87' lang='lat' dir='ltr'><strong>si</strong></span> <span class='ocrx_word' id='word_1_121' title='bbox 1155 2332 1284 2397; x_wconf 90' lang='lat' dir='ltr'><strong>ancilla</strong></span> 
     </span>
     <span class='ocr_line' id='line_1_20' title="bbox 162 2421 1284 2507; baseline -0.002 -19"><span class='ocrx_word' id='word_1_122' title='bbox 162 2427 223 2501; x_wconf 75' lang='lat' dir='ltr'><strong>est,</strong></span> <span class='ocrx_word' id='word_1_123' title='bbox 249 2434 294 2488; x_wconf 78' lang='lat' dir='ltr'><strong>Oc</strong></span> <span class='ocrx_word' id='word_1_124' title='bbox 309 2422 449 2505; x_wconf 86' lang='lat' dir='ltr'><strong>flagella</strong></span> <span class='ocrx_word' id='word_1_125' title='bbox 464 2422 645 2506; x_wconf 89' lang='lat' dir='ltr'><strong>suscipiat;</strong></span> <span class='ocrx_word' id='word_1_126' title='bbox 670 2421 699 2486; x_wconf 88' lang='lat' dir='ltr'><strong>si</strong></span> <span class='ocrx_word' id='word_1_127' title='bbox 722 2422 874 2507; x_wconf 84' lang='lat' dir='ltr'><strong>ingenua</strong></span> <span class='ocrx_word' id='word_1_128' title='bbox 893 2425 955 2499; x_wconf 87' lang='lat' dir='ltr'><strong>cst,</strong></span> <span class='ocrx_word' id='word_1_129' title='bbox 980 2425 1096 2487; x_wconf 87' lang='lat' dir='ltr'><strong>careat</strong></span> <span class='ocrx_word' id='word_1_130' title='bbox 1113 2421 1284 2505; x_wconf 83' lang='lat' dir='ltr'><strong>dignitate</strong></span> 
     </span>
     <span class='ocr_line' id='line_1_21' title="bbox 162 2510 1051 2596; baseline -0.002 -20"><span class='ocrx_word' id='word_1_131' title='bbox 162 2531 305 2596; x_wconf 89' lang='lat' dir='ltr'><strong>persone</strong></span> <span class='ocrx_word' id='word_1_132' title='bbox 329 2515 365 2576; x_wconf 93' lang='lat' dir='ltr'><strong>et</strong></span> <span class='ocrx_word' id='word_1_133' title='bbox 388 2512 444 2575; x_wconf 88' lang='lat' dir='ltr'><strong>cui</strong></span> <span class='ocrx_word' id='word_1_134' title='bbox 467 2511 666 2576; x_wconf 90' lang='lat' dir='ltr'><strong>iusserimus</strong></span> <span class='ocrx_word' id='word_1_135' title='bbox 689 2510 859 2575; x_wconf 82' lang='lat' dir='ltr'><strong>servitura</strong></span> <span class='ocrx_word' id='word_1_136' title='bbox 881 2512 1051 2575; x_wconf 86' lang='lat' dir='ltr'><strong>tradatur.</strong></span> 
     </span>
    </p>
   </div>
   <div class='ocr_carea' id='block_1_7' title="bbox 221 2682 1215 2862">
    <p class='ocr_par' dir='ltr' id='par_1_11' title="bbox 221 2682 1215 2862">
     <span class='ocr_line' id='line_1_22' title="bbox 592 2682 847 2753; baseline -0.004 -13"><span class='ocrx_word' id='word_1_137' title='bbox 592 2683 632 2740; x_wconf 83' lang='lat' dir='ltr'><strong>n</strong></span> <span class='ocrx_word' id='word_1_138' title='bbox 662 2682 847 2753; x_wconf 73' lang='lat' dir='ltr'><strong>Annona</strong></span> 
     </span>
     <span class='ocr_line' id='line_1_23' title="bbox 221 2777 1215 2862; baseline -0.004 -19"><span class='ocrx_word' id='word_1_139' title='bbox 221 2780 265 2843; x_wconf 80' lang='lat' dir='ltr'><strong>Si</strong></span> <span class='ocrx_word' id='word_1_140' title='bbox 293 2780 511 2862; x_wconf 85' lang='lat' dir='ltr'><strong>ingenuus</strong></span> <span class='ocrx_word' id='word_1_141' title='bbox 542 2779 776 2862; x_wconf 86' lang='lat' dir='ltr'><strong>ingenuam</strong></span> <span class='ocrx_word' id='word_1_142' title='bbox 807 2778 1013 2843; x_wconf 85' lang='lat' dir='ltr'><strong>abortare</strong></span> <span class='ocrx_word' id='word_1_143' title='bbox 1043 2777 1215 2842; x_wconf 86' lang='lat' dir='ltr'><strong>fecerit.</strong></span> 
     </span>
    </p>
   </div>
   <div class='ocr_carea' id='block_1_8' title="bbox 160 2884 1284 3589">
    <p class='ocr_par' dir='ltr' id='par_1_12' title="bbox 160 2884 1284 3589">
     <span class='ocr_line' id='line_1_24' title="bbox 268 2884 1283 2970; baseline -0.002 -20"><span class='ocrx_word' id='word_1_144' title='bbox 268 2886 327 2950; x_wconf 78' lang='lat' dir='ltr'><strong>Si²</strong></span> <span class='ocrx_word' id='word_1_145' title='bbox 349 2885 426 2968; x_wconf 90' lang='lat' dir='ltr'><strong>quis</strong></span> <span class='ocrx_word' id='word_1_146' title='bbox 449 2885 629 2950; x_wconf 89' lang='lat' dir='ltr'><strong>mulierem</strong></span> <span class='ocrx_word' id='word_1_147' title='bbox 645 2885 824 2968; x_wconf 82' lang='lat' dir='ltr'><strong>gravidam</strong></span> <span class='ocrx_word' id='word_1_148' title='bbox 839 2884 1045 2970; x_wconf 88' lang='lat' dir='ltr'><strong>percusserit</strong></span> <span class='ocrx_word' id='word_1_149' title='bbox 1068 2904 1283 2966; x_wconf 88' lang='lat' dir='ltr'><strong>quocumque</strong></span> 
     </span>
     <span class='ocr_line' id='line_1_25' title="bbox 160 2972 1284 3057; baseline -0.004 -19"><span class='ocrx_word' id='word_1_150' title='bbox 160 2975 259 3038; x_wconf 88' lang='lat' dir='ltr'><strong>hictu</strong></span> <span class='ocrx_word' id='word_1_151' title='bbox 283 2977 344 3036; x_wconf 88' lang='lat' dir='ltr'><strong>aut</strong></span> <span class='ocrx_word' id='word_1_152' title='bbox 366 2993 429 3057; x_wconf 88' lang='lat' dir='ltr'><strong>per</strong></span> <span class='ocrx_word' id='word_1_153' title='bbox 451 2973 603 3056; x_wconf 91' lang='lat' dir='ltr'><strong>aliquam</strong></span> <span class='ocrx_word' id='word_1_154' title='bbox 629 2972 869 3038; x_wconf 86' lang='lat' dir='ltr'><strong>hoccasionem</strong></span> <span class='ocrx_word' id='word_1_155' title='bbox 893 2973 1073 3037; x_wconf 89' lang='lat' dir='ltr'><strong>mulierem</strong></span> <span class='ocrx_word' id='word_1_156' title='bbox 1096 2973 1284 3055; x_wconf 86' lang='lat' dir='ltr'><strong>ingenuam</strong></span> 
     </span>
     <span class='ocr_line' id='line_1_26' title="bbox 162 3060 1283 3145; baseline -0.002 -19"><span class='ocrx_word' id='word_1_157' title='bbox 162 3063 321 3126; x_wconf 87' lang='lat' dir='ltr'><strong>abortare</strong></span> <span class='ocrx_word' id='word_1_158' title='bbox 344 3062 477 3139; x_wconf 82' lang='lat' dir='ltr'><strong>fecerit,</strong></span> <span class='ocrx_word' id='word_1_159' title='bbox 503 3064 538 3125; x_wconf 90' lang='lat' dir='ltr'><strong>et</strong></span> <span class='ocrx_word' id='word_1_160' title='bbox 561 3060 684 3125; x_wconf 84' lang='lat' dir='ltr'><strong>exinde</strong></span> <span class='ocrx_word' id='word_1_161' title='bbox 707 3065 845 3126; x_wconf 88' lang='lat' dir='ltr'><strong>mortua</strong></span> <span class='ocrx_word' id='word_1_162' title='bbox 867 3061 984 3138; x_wconf 82' lang='lat' dir='ltr'><strong>fuerit,</strong></span> <span class='ocrx_word' id='word_1_163' title='bbox 1013 3081 1074 3145; x_wconf 89' lang='lat' dir='ltr'><strong>pro</strong></span> <span class='ocrx_word' id='word_1_164' title='bbox 1099 3060 1283 3124; x_wconf 90' lang='lat' dir='ltr'><strong>homicidio</strong></span> 
     </span>
     <span class='ocr_line' id='line_1_27' title="bbox 161 3149 1284 3234; baseline 0 -22"><span class='ocrx_word' id='word_1_165' title='bbox 161 3151 336 3234; x_wconf 89' lang='lat' dir='ltr'><strong>puniatur.</strong></span> <span class='ocrx_word' id='word_1_166' title='bbox 395 3149 432 3213; x_wconf 96' lang='grc' dir='ltr'><strong>δί</strong></span> <span class='ocrx_word' id='word_1_167' title='bbox 462 3153 579 3213; x_wconf 87' lang='lat' dir='ltr'><strong>antem</strong></span> <span class='ocrx_word' id='word_1_168' title='bbox 613 3150 820 3214; x_wconf 85' lang='lat' dir='ltr'><strong>tantumodo</strong></span> <span class='ocrx_word' id='word_1_169' title='bbox 854 3153 975 3234; x_wconf 83' lang='lat' dir='ltr'><strong>partus</strong></span> <span class='ocrx_word' id='word_1_170' title='bbox 1008 3149 1212 3225; x_wconf 87' lang='lat' dir='ltr'><strong>excutiatur,</strong></span> <span class='ocrx_word' id='word_1_171' title='bbox 1248 3153 1284 3213; x_wconf 93' lang='lat' dir='ltr'><strong>et</strong></span> 
     </span>
     <span class='ocr_line' id='line_1_28' title="bbox 161 3236 1283 3322; baseline 0 -20"><span class='ocrx_word' id='word_1_172' title='bbox 161 3238 287 3302; x_wconf 88' lang='lat' dir='ltr'><strong>mulier</strong></span> <span class='ocrx_word' id='word_1_173' title='bbox 313 3239 350 3301; x_wconf 90' lang='lat' dir='ltr'><strong>in</strong></span> <span class='ocrx_word' id='word_1_174' title='bbox 373 3237 471 3301; x_wconf 92' lang='lat' dir='ltr'><strong>nullo</strong></span> <span class='ocrx_word' id='word_1_175' title='bbox 495 3236 679 3302; x_wconf 88' lang='lat' dir='ltr'><strong>debilitata</strong></span> <span class='ocrx_word' id='word_1_176' title='bbox 704 3237 822 3315; x_wconf 84' lang='lat' dir='ltr'><strong>fuerit,</strong></span> <span class='ocrx_word' id='word_1_177' title='bbox 852 3241 888 3303; x_wconf 89' lang='lat' dir='ltr'><strong>et</strong></span> <span class='ocrx_word' id='word_1_178' title='bbox 910 3238 1108 3322; x_wconf 64' lang='lat' dir='ltr'><strong>ingenuusa</strong></span> <span class='ocrx_word' id='word_1_179' title='bbox 1134 3237 1283 3320; x_wconf 87' lang='lat' dir='ltr'><strong>ingenue</strong></span> 
     </span>
     <span class='ocr_line' id='line_1_29' title="bbox 162 3325 1283 3410; baseline -0.002 -20"><span class='ocrx_word' id='word_1_180' title='bbox 162 3329 228 3390; x_wconf 87' lang='lat' dir='ltr'><strong>hoc</strong></span> <span class='ocrx_word' id='word_1_181' title='bbox 266 3326 425 3391; x_wconf 88' lang='lat' dir='ltr'><strong>intulisse</strong></span> <span class='ocrx_word' id='word_1_182' title='bbox 465 3325 693 3410; x_wconf 84' lang='lat' dir='ltr'><strong>cognoscitur,</strong></span> <span class='ocrx_word' id='word_1_183' title='bbox 733 3327 762 3390; x_wconf 89' lang='lat' dir='ltr'><strong>si</strong></span> <span class='ocrx_word' id='word_1_184' title='bbox 799 3326 989 3391; x_wconf 86' lang='lat' dir='ltr'><strong>formatum</strong></span> <span class='ocrx_word' id='word_1_185' title='bbox 1023 3325 1195 3390; x_wconf 83' lang='lat' dir='ltr'><strong>infantem</strong></span> <span class='ocrx_word' id='word_1_186' title='bbox 1232 3345 1283 3390; x_wconf 87' lang='lat' dir='ltr'><strong>ex-</strong></span> 
     </span>
     <span class='ocr_line' id='line_1_30' title="bbox 160 3414 1283 3493; baseline -0.001 -14"><span class='ocrx_word' id='word_1_187' title='bbox 160 3415 296 3489; x_wconf 81' lang='lat' dir='ltr'><strong>tincxit,</strong></span> <span class='ocrx_word' id='word_1_188' title='bbox 326 3426 372 3481; x_wconf 77' lang='lat' dir='ltr'><strong>GL</strong></span> <span class='ocrx_word' id='word_1_189' title='bbox 396 3415 523 3480; x_wconf 88' lang='lat' dir='ltr'><strong>solidos</strong></span> <span class='ocrx_word' id='word_1_190' title='bbox 550 3415 689 3493; x_wconf 89' lang='lat' dir='ltr'><strong>reddat;</strong></span> <span class='ocrx_word' id='word_1_191' title='bbox 721 3416 857 3480; x_wconf 82' lang='lat' dir='ltr'><strong>sivero</strong></span> <span class='ocrx_word' id='word_1_192' title='bbox 884 3415 1082 3491; x_wconf 82' lang='lat' dir='ltr'><strong>informem,</strong></span> <span class='ocrx_word' id='word_1_193' title='bbox 1112 3426 1133 3480; x_wconf 80' lang='lat' dir='ltr'>O</span> <span class='ocrx_word' id='word_1_194' title='bbox 1157 3414 1283 3479; x_wconf 90' lang='lat' dir='ltr'><strong>solidos</strong></span> 
     </span>
     <span class='ocr_line' id='line_1_31' title="bbox 161 3504 538 3589; baseline -0.005 -21"><span class='ocrx_word' id='word_1_195' title='bbox 161 3525 223 3589; x_wconf 90' lang='lat' dir='ltr'><strong>pro</strong></span> <span class='ocrx_word' id='word_1_196' title='bbox 246 3504 341 3569; x_wconf 83' lang='lat' dir='ltr'><strong>facto</strong></span> <span class='ocrx_word' id='word_1_197' title='bbox 364 3504 538 3570; x_wconf 87' lang='lat' dir='ltr'><strong>restituat.</strong></span> 
     </span>
    </p>
   </div>
   <div class='ocr_carea' id='block_1_9' title="bbox 584 3639 856 3710">
    <p class='ocr_par' dir='ltr' id='par_1_13' title="bbox 584 3639 856 3710">
     <span class='ocr_line' id='line_1_32' title="bbox 584 3639 856 3710; baseline 0.007 -14"><span class='ocrx_word' id='word_1_198' title='bbox 584 3639 640 3698; x_wconf 88' lang='lat'><strong>111.</strong></span> <span class='ocrx_word' id='word_1_199' title='bbox 670 3639 856 3710; x_wconf 78' lang='lat' dir='ltr'><strong>ANTIQUA.</strong></span> 
     </span>
    </p>
   </div>
   <div class='ocr_carea' id='block_1_10' title="bbox 183 3736 1261 3910">
    <p class='ocr_par' dir='ltr' id='par_1_14' title="bbox 183 3736 1261 3910">
     <span class='ocr_line' id='line_1_33' title="bbox 183 3736 1261 3888; baseline 0 -88"><span class='ocrx_word' id='word_1_200' title='bbox 183 3736 227 3800; x_wconf 78' lang='lat' dir='ltr'><strong>si</strong></span> <span class='ocrx_word' id='word_1_201' title='bbox 256 3737 449 3819; x_wconf 86' lang='lat' dir='ltr'><strong>ingenua</strong></span> <span class='ocrx_word' id='word_1_202' title='bbox 478 3736 637 3801; x_wconf 88' lang='lat' dir='ltr'><strong>mulier</strong></span> <span class='ocrx_word' id='word_1_203' title='bbox 665 3736 900 3888; x_wconf 74' lang='lat' dir='ltr'><strong>irlrgenuam</strong></span> <span class='ocrx_word' id='word_1_204' title='bbox 930 3736 1136 3802; x_wconf 75' lang='lat' dir='ltr'><strong>abortare</strong></span> <span class='ocrx_word' id='word_1_205' title='bbox 1168 3757 1261 3802; x_wconf 89' lang='lat' dir='ltr'><strong>con·</strong></span> 
     </span>
     <span class='ocr_line' id='line_1_34' title="bbox 630 3826 809 3910; baseline 0 -22"><span class='ocrx_word' id='word_1_206' title='bbox 630 3847 684 3910; x_wconf 93' lang='lat' dir='ltr'><strong>pu</strong></span> <span class='ocrx_word' id='word_1_207' title='bbox 713 3826 809 3890; x_wconf 87' lang='lat' dir='ltr'><strong>erit.</strong></span> 
     </span>
    </p>
   </div>
   <div class='ocr_carea' id='block_1_11' title="bbox 269 3922 1368 4016">
    <p class='ocr_par' dir='ltr' id='par_1_15' title="bbox 269 3922 1368 4016">
     <span class='ocr_line' id='line_1_35' title="bbox 269 3922 1368 4016; baseline 0.002 -21"><span class='ocrx_word' id='word_1_208' title='bbox 269 3932 305 3996; x_wconf 97' lang='grc' dir='ltr'><strong>δί</strong></span> <span class='ocrx_word' id='word_1_209' title='bbox 340 3933 491 4016; x_wconf 79' lang='lat' dir='ltr'><strong>ingenue</strong></span> <span class='ocrx_word' id='word_1_210' title='bbox 526 3932 651 3997; x_wconf 89' lang='lat' dir='ltr'><strong>mulier</strong></span> <span class='ocrx_word' id='word_1_211' title='bbox 685 3953 746 4015; x_wconf 89' lang='lat' dir='ltr'><strong>per</strong></span> <span class='ocrx_word' id='word_1_212' title='bbox 779 3932 931 4016; x_wconf 90' lang='lat' dir='ltr'><strong>aliquam</strong></span> <span class='ocrx_word' id='word_1_213' title='bbox 964 3933 1164 3997; x_wconf 82' lang='lat' dir='ltr'><strong>violentiam</strong></span> <span class='ocrx_word' id='word_1_214' title='bbox 1202 3927 1281 4016; x_wconf 86' lang='lat' dir='ltr'><strong>[aut]</strong></span> <span class='ocrx_word' id='word_1_215' title='bbox 1365 3922 1368 3928; x_wconf 46' lang='lat'>¹</span> 
     </span>
    </p>
   </div>
   <div class='ocr_carea' id='block_1_12' title="bbox 268 4104 616 4197">
    <p class='ocr_par' dir='ltr' id='par_1_16' title="bbox 268 4104 616 4197">
     <span class='ocr_line' id='line_1_36' title="bbox 268 4104 616 4197; baseline 0.006 -53"><span class='ocrx_word' id='word_1_216' title='bbox 268 4106 325 4150; x_wconf 76' lang='lat' dir='ltr'><strong>nl&#39;r.</strong></span> <span class='ocrx_word' id='word_1_217' title='bbox 340 4105 381 4146; x_wconf 85' lang='lat'><strong>111.</strong></span> <span class='ocrx_word' id='word_1_218' title='bbox 422 4104 556 4197; x_wconf 37' lang='lat' dir='ltr'><strong>appetetur</strong></span> <span class='ocrx_word' id='word_1_219' title='bbox 569 4105 616 4147; x_wconf 75' lang='lat'><strong>121.</strong></span> 
     </span>
    </p>
   </div>
   <div class='ocr_carea' id='block_1_13' title="bbox 268 4157 673 4260">
    <p class='ocr_par' dir='ltr' id='par_1_17' title="bbox 268 4157 673 4260">
     <span class='ocr_line' id='line_1_37' title="bbox 268 4157 673 4208; baseline 0.007 -9"><span class='ocrx_word' id='word_1_220' title='bbox 268 4159 286 4202; x_wconf 93' lang='lat'><strong>1.</strong></span> <span class='ocrx_word' id='word_1_221' title='bbox 327 4158 419 4208; x_wconf 61' lang='lat' dir='ltr'><strong>namt</strong></span> <span class='ocrx_word' id='word_1_222' title='bbox 462 4157 482 4201; x_wconf 71' lang='lat'><strong>2.</strong></span> <span class='ocrx_word' id='word_1_223' title='bbox 535 4158 673 4207; x_wconf 67' lang='lat' dir='ltr'><strong>mqulm.</strong></span> 
     </span>
     <span class='ocr_line' id='line_1_38' title="bbox 268 4209 652 4260; baseline 0.003 -9"><span class='ocrx_word' id='word_1_224' title='bbox 268 4212 299 4255; x_wconf 89' lang='lat'><strong>11.</strong></span> <span class='ocrx_word' id='word_1_225' title='bbox 338 4212 361 4259; x_wconf 75' lang='grc' dir='ltr'><strong>ι)</strong></span> <span class='ocrx_word' id='word_1_226' title='bbox 375 4211 400 4251; x_wconf 84' lang='lat' dir='ltr'><strong>ln</strong></span> <span class='ocrx_word' id='word_1_227' title='bbox 414 4209 535 4260; x_wconf 65' lang='lat' dir='ltr'><strong>lunum</strong></span> <span class='ocrx_word' id='word_1_228' title='bbox 549 4211 593 4252; x_wconf 83' lang='lat' dir='ltr'><strong>hoc</strong></span> <span class='ocrx_word' id='word_1_229' title='bbox 605 4211 652 4253; x_wconf 74' lang='lat'><strong>121.</strong></span> 
     </span>
    </p>
   </div>
   <div class='ocr_carea' id='block_1_14' title="bbox 162 4333 950 4404">
    <p class='ocr_par' dir='ltr' id='par_1_18' title="bbox 162 4333 950 4404">
     <span class='ocr_line' id='line_1_39' title="bbox 162 4333 950 4404; baseline 0.003 -14"><span class='ocrx_word' id='word_1_230' title='bbox 162 4335 189 4402; x_wconf 90' lang='lat'><strong>1)</strong></span> <span class='ocrx_word' id='word_1_231' title='bbox 206 4335 249 4401; x_wconf 79' lang='lat' dir='ltr'><strong>Of.</strong></span> <span class='ocrx_word' id='word_1_232' title='bbox 266 4334 300 4391; x_wconf 87' lang='lat' dir='ltr'><strong>L.</strong></span> <span class='ocrx_word' id='word_1_233' title='bbox 319 4334 416 4391; x_wconf 64' lang='lat' dir='ltr'><strong>Bato.</strong></span> <span class='ocrx_word' id='word_1_234' title='bbox 434 4335 461 4404; x_wconf 81' lang='lat'><strong>8,</strong></span> <span class='ocrx_word' id='word_1_235' title='bbox 476 4336 518 4392; x_wconf 80' lang='lat'><strong>18.</strong></span> <span class='ocrx_word' id='word_1_236' title='bbox 590 4333 619 4404; x_wconf 76' lang='grc'><strong>2)</strong></span> <span class='ocrx_word' id='word_1_237' title='bbox 635 4335 678 4401; x_wconf 77' lang='lat' dir='ltr'><strong>Of.</strong></span> <span class='ocrx_word' id='word_1_238' title='bbox 696 4335 730 4390; x_wconf 77' lang='lat' dir='ltr'><strong>t.</strong></span> <span class='ocrx_word' id='word_1_239' title='bbox 749 4336 846 4390; x_wconf 79' lang='lat' dir='ltr'><strong>Baiuc.</strong></span> <span class='ocrx_word' id='word_1_240' title='bbox 864 4338 892 4404; x_wconf 84' lang='lat'><strong>8,</strong></span> <span class='ocrx_word' id='word_1_241' title='bbox 906 4337 950 4392; x_wconf 82' lang='lat'><strong>19.</strong></span> 
     </span>
    </p>
   </div>
   <div class='ocr_carea' id='block_1_15' title="bbox 0 0 1504 4934">
    <p class='ocr_par' dir='ltr' id='par_1_19' title="bbox 0 0 1504 4934">
     <span class='ocr_line' id='line_1_40' title="bbox 0 0 1504 4934; baseline 0 0"><span class='ocrx_word' id='word_1_242' title='bbox 0 0 1504 4934; x_wconf 95' lang='lat' dir='ltr'><strong> </strong></span> 
     </span>
    </p>
   </div>
  </div>
 </body>
</html>
