3000 4934
417 368 494 424 Lux
512 366 628 426 VISIG.
647 367 916 426 REOOESSVIND.
952 367 992 438 H,
1007 372 1089 439 1,1r.
1277 374 1313 428 49

191 553 256 616 His
284 556 410 630 autem,
442 552 503 636 qui
530 552 698 636 pulsatur,
731 553 759 616 si
783 553 827 616 ad
851 553 1088 636 accipiendam
1111 553 1313 617 admonitio·

190 662 269 706 nem
292 641 416 706 iudicis
439 634 493 706 sei
524 642 650 706 dixerit
672 641 874 705 nullatenus
898 641 1061 707 dilatasse
1084 642 1140 707 vel
1164 646 1313 707 contem·

191 731 273 795 sisse
303 738 338 795 et
368 731 434 794 hoc
464 728 562 793 nullo
592 731 746 814 potuerit
774 733 865 795 teste
893 730 1060 808 convinci,
1093 731 1175 794 dum
1205 751 1313 796 sacra-

190 824 345 883 mentum
379 819 583 896 reddiderit,
620 819 712 902 quod
746 838 808 902 per
840 818 974 882 nullam
1009 820 1222 884 occasionem
1256 820 1312 885 vel

191 910 403 972 contemtum
431 909 497 971 hoc
524 907 657 985 iecerit,
690 929 710 972 a
740 908 874 971 damnis
901 901 984 972 vell‘
1013 902 1184 991 flagellisk
1216 929 1312 992 supe·

190 997 261 1060 rius
289 997 533 1081 conprehensis
563 996 734 1061 habeatur
759 997 941 1061 indemnis.
989 995 1090 1075 Quod
1114 997 1143 1060 si
1165 996 1313 1080 quilibet

191 1086 369 1168 episcopus
382 1085 653 1149 admonitionem
664 1085 798 1162 iudicis,
811 1085 923 1149 fretus
935 1079 1083 1150 honorel
1096 1086 1311 1163 sacerdotali,

191 1174 412 1238 contemserit
443 1177 478 1238 et
508 1195 569 1258 pro
599 1193 661 1237 sua
691 1193 836 1257 persona
866 1174 1078 1239 adsertorem
1102 1175 1183 1238 dare
1207 1175 1313 1238 distu-

190 1261 284 1338 lerit,
321 1262 505 1327 confestim
536 1283 556 1325 a
584 1263 699 1327 iudice
733 1263 865 1345 negotii
900 1282 960 1326 seu
991 1283 1011 1327 a
1040 1263 1215 1346 provincie
1252 1282 1312 1328 sue

190 1353 309 1415 ducem
335 1351 392 1415 vel
423 1351 548 1415 comite
579 1351 764 1434 conpulsus
794 1361 818 1416 L
846 1350 1035 1414 solidorum
1065 1352 1230 1416 damnum
1260 1372 1313 1417 ex-

191 1440 306 1522 cipiat,
339 1459 380 1503 ex
408 1459 477 1522 qua
503 1445 661 1503 summan
688 1440 834 1524 pecunie
863 1444 939 1505 ΒΧο
968 1440 1070 1504 solidi
1099 1440 1206 1506 iudici
1237 1460 1313 1505 con·

189 1531 299 1592 temto
322 1528 513 1611 proficiant,
538 1539 623 1594 XXX
637 1549 717 1593 vero
734 1529 929 1593 sacerdotil’
956 1529 1063 1613 ipsius
1086 1529 1216 1612 petitor
1236 1550 1312 1593 con·

191 1621 363 1699 sequatur.
411 1616 447 1680 Si
477 1620 569 1682 certe
600 1617 778 1702 presbiter,
810 1617 975 1683 diaconus
998 1617 1054 1683 vel
1082 1618 1312 1682 subdiaconus

190 1706 301 1788 adque
325 1704 469 1770 clericus
490 1706 547 1771 vel
570 1727 733 1771 monacus
757 1708 823 1771 adq
842 1707 1079 1791 accipiendam
1101 1707 1226 1771 iudicis
1245 1708 1312 1791 epi·

189 1793 316 1858 stulam
331 1794 387 1859 vel
408 1794 560 1877 sigillum
577 1815 612 1860 se
629 1795 872 1860 dilataverintl
900 1799 961 1859 aut
983 1817 1046 1880 pro
1067 1796 1120 1859 sui
1142 1800 1306 1880 persona⁸

190 1884 232 1945 ad
262 1884 541 1966 respondendum
576 1885 717 1949 minime
748 1885 936 1949 direxerint
970 1888 1227 1968 prosecutorem
1255 1884 1311 1948 vel

190 1973 440 2036 contumaciter
473 1973 605 2037 fuerint
640 1977 884 2049 contemtores,
923 1974 1158 2057 unusquisque
1193 1992 1311 2036 eorum

189 2061 287 2124 iuxta
309 2060 396 2145 legis
419 2062 523 2125 huius
547 2062 764 2136 sententiam,
789 2081 855 2143 que
878 2061 915 2123 in
939 2060 1036 2124 laicis
1060 2061 1216 2143 superius
1238 2059 1312 2124 lata

191 2152 251 2226 est,
275 2149 409 2213 indicta
433 2150 559 2213 damna
581 2149 762 2231 suscipiat,
795 2145 849 2212 ett
878 2149 908 2211 si
930 2170 1001 2212 non
1023 2147 1194 2225 habuerit,
1218 2149 1311 2213 unde

190 2240 373 2320 conponat,
397 2237 471 2301 eius
488 2237 667 2320 episcopus
684 2240 874 2312 moneatur,
898 2240 939 2299 ut
962 2257 1024 2321 pro
1043 2257 1084 2301 eo
1100 2237 1309 2314 satisfacere,

191 2327 219 2389 si
242 2324 400 2402 voluerit,
426 2324 603 2390 licentiam
626 2325 764 2390 habeat.
801 2325 862 2389 sin
886 2330 1002 2390 autem
1017 2325 1178 2403 noluerit,
1203 2346 1310 2390 sacra·

190 2414 315 2478 mentis
340 2433 453 2478 coram
475 2415 590 2479 iudice
614 2434 649 2479 se
673 2415 807 2479 noverit
823 2415 1057 2498 obligandum,
1082 2416 1174 2499 quod
1197 2435 1311 2499 supra·

191 2502 292 2567 dictis
316 2504 470 2586 personis
494 2504 744 2569 districtionem
767 2504 874 2568 talem
898 2503 1047 2582 adibeat,
1078 2507 1119 2566 ut
1144 2524 1204 2587 per
1227 2515 1311 2569 XXX

191 2592 323 2655 dierum
347 2592 480 2677 spatiou
499 2593 637 2657 ieiuniis
653 2593 826 2657 continuis
847 2592 1067 2677 adfligentur,
1092 2593 1311 2676 sufficiatque

189 2680 259 2743 illis
290 2681 380 2745 circa
410 2681 491 2745 solis
522 2683 706 2746 hoccasum
742 2702 803 2765 per
833 2683 906 2746 dies
941 2681 1095 2765 singulos
1128 2682 1228 2766 panis
1254 2681 1310 2746 vel

190 2789 276 2852 aque
298 2770 525 2835 refectionem
548 2772 712 2854 accipere,
738 2790 803 2854 que
827 2771 1040 2834 contumacis
1054 2771 1184 2834 vitamv
1210 2771 1310 2835 ratio-

189 2858 298 2921 nabili
321 2860 429 2942 possit
453 2860 669 2924 districtione
693 2860 872 2943 corrigere.
919 2859 989 2923 Illa
1019 2859 1158 2923 omnino
1189 2859 1310 2923 discre-

187 2947 282 3011 tione
308 2951 453 3024 servata,
484 2951 534 3025 ut,
566 2950 595 3012 si
618 2953 680 3012 aut
703 2949 806 3013 etatis
830 2952 892 3011 aut
915 2948 1120 3030 egritudinis
1143 2948 1311 3012 instantia

189 3036 379 3118 patueritw,
411 3043 499 3118 que¹
530 3037 619 3100 hanc
651 3036 869 3120 disciplinam
897 3037 1066 3101 sustinere
1089 3057 1159 3100 non
1182 3042 1306 3121 possey

189 3125 411 3201 demonstret,
441 3128 515 3189 tarn
544 3125 581 3187 in
612 3124 744 3190 clericis
775 3126 1020 3208 cuiuscumque
1048 3125 1177 3189 ordinis
1207 3145 1310 3208 quam

187 3213 224 3274 in
246 3211 353 3288 laicis,
377 3216 543 3276 nontam
567 3213 748 3278 durissime
772 3214 979 3278 sententiam
1004 3213 1240 3296 castigationis
1262 3213 1310 3275 in·

188 3301 319 3364 stantia
343 3300 514 3384 compleat
537 3301 670 3378 iudicis,
700 3303 760 3367 sed
783 3301 924 3365 habitaz
950 3301 1224 3366 consideratione
1248 3322 1310 3386 pro

188 3389 384 3472 egritudine
414 3388 469 3454 vel
500 3392 607 3467 etate,
643 3390 695 3454 ita
724 3393 937 3456 contemtore
968 3390 1131 3474 corrigat,
1162 3410 1207 3455 ne
1236 3391 1310 3474 ipse

188 3482 382 3542 contemtor
411 3481 473 3543 aut
503 3478 680 3563 langorem
715 3480 902 3542 maximum
937 3483 998 3543 aut
1033 3478 1310 3544 debilitationem

187 3567 242 3631 vel
266 3569 411 3632 mortem
434 3568 600 3632 incurrat.
647 3568 714 3633 Ille
733 3589 824 3645 vero,
850 3568 909 3653 qui
932 3569 977 3632 ad
999 3567 1199 3652 inplendam
1224 3589 1310 3632 com·

188 3657 413 3720 monitionem
436 3657 560 3722 iudicis
584 3660 777 3723 contemtor
800 3657 955 3722 extiterit
978 3677 1081 3740 seque
1111 3656 1162 3721 ita
1189 3656 1309 3720 dilata·

186 3746 285 3822 verit,
317 3749 357 3808 ut
385 3766 464 3810 eum
491 3746 595 3811 iudex
617 3748 690 3810 tam
714 3746 818 3810 facile
841 3746 1015 3830 repperire
1039 3766 1108 3809 non
1131 3745 1249 3830 possit,
1274 3749 1310 3810 et

188 3834 216 3896 si
240 3838 318 3918 post
340 3837 478 3919 tempus
493 3834 664 3899 indictum
684 3835 721 3898 in
739 3835 859 3899 diebus
875 3837 1040 3916 quattuor
1055 3855 1125 3898 non
1141 3838 1307 3911 occurrat,

188 3923 216 3985 si
240 3923 362 4006 quinto
386 3923 441 3987 die
464 3924 607 4000 venerit,
639 3943 774 3988 omnem
805 3924 908 4009 huius
932 3923 1018 4007 legis
1042 3924 1249 3987 sententiam
1274 3943 1309 3986 se

294 4149 311 4199 l)
324 4159 374 4188 scre
388 4149 409 4188 Β
418 4149 437 4191 2.
506 4145 531 4202 k)
545 4159 583 4189 eos
593 4160 637 4198 pro
651 4149 688 4188 vel
704 4148 798 4197 flagellis
813 4149 861 4191 121.
930 4149 946 4197 l)
959 4148 1067 4188 honorem
1081 4146 1245 4188 sacerdotalem
1261 4147 1280 4185 Β
1290 4149 1309 4189 1.

187 4204 217 4250 m)
232 4199 311 4242 ducem
326 4203 346 4241 Β
357 4205 375 4244 1.
440 4206 465 4251 n)
478 4213 564 4243 ruinam
578 4204 598 4241 Β
609 4205 627 4246 l.
688 4202 711 4253 o)
725 4203 784 4241 XXX
799 4203 819 4240 Β
829 4204 848 4250 1,
871 4213 928 4244 corr.
942 4203 982 4242 XX
996 4202 1045 4244 ΒΒ,
1108 4203 1132 4251 p)
1145 4202 1178 4239 tto
1192 4202 1212 4240 Β
1223 4203 1240 4243 1.
1255 4200 1309 4249 El,-

187 4252 310 4295 racerdotls
326 4256 375 4298 ΒΒ.
436 4258 459 4304 q)
473 4253 503 4295 ad
517 4257 573 4295 deest
588 4256 637 4298 lil.
698 4257 718 4303 r)
732 4252 864 4295 dilataverit
877 4256 925 4298 Rl.
985 4257 1004 4304 s)
1017 4265 1136 4304 personum
1151 4255 1199 4298 Β1.
1255 4256 1272 4300 t)
1286 4258 1309 4293 et

187 4309 243 4349 dccet
257 4309 306 4351 121.
354 4311 378 4357 u)
391 4309 493 4360 spacium
507 4310 556 4352 122.
603 4311 627 4357 v)
641 4309 690 4349 vlt}
704 4309 845 4348 rationabilis
860 4309 908 4352 111.
956 4310 986 4356 w)
1000 4308 1116 4359 paruerint
1130 4308 1179 4350 Βι,
1227 4309 1250 4355 x)
1265 4316 1308 4354 que

187 4360 307 4411 disciplina
322 4373 374 4412 non,
392 4374 433 4406 om.
447 4363 567 4412 sustinere,
583 4362 604 4400 Β
613 4362 632 4404 2.
686 4365 710 4413 y)
724 4361 795 4410 pouit
808 4362 829 4400 Β
838 4363 857 4404 1.
911 4364 931 4411 a)
945 4359 1032 4402 adibile
1046 4363 1066 4400 Β
1075 4362 1094 4405 2.

268 4451 312 4494 LL.
322 4452 392 4501 vulg.
406 4457 454 4498 ant.
1077 4452 1095 4502 4
