3000 4934
227 383 280 438 150
403 378 481 437 mx
498 376 614 437 visre.
633 378 904 438 nnccnssvnvn.
940 380 977 450 v,
996 384 1021 448 a,
1040 385 1064 437 3.
1083 384 1114 446 4³
1136 384 1162 437 4.

227 583 331 647 quere
354 562 513 639 voluerit,
544 562 712 627 medietas
736 562 906 645 adquirite
929 563 980 627 rei
1002 565 1149 645 patrono
1171 563 1347 640 trndatnr;

227 651 332 716 olium
353 671 434 716 vero
461 651 684 716 medietatem
707 651 767 734 qui
794 651 981 734 adquisivit
1004 651 1171 728 obtineat,
1196 655 1232 716 et
1254 652 1349 734 quid·

227 741 311 824 quid
335 741 366 804 ei
389 740 481 823 ipse⁰
510 739 700 816 donaverit,
723 739 880 823 recipiat.

644 925 716 984 nn.
745 925 931 997 ANTIQUA.

227 1039 285 1103 De
304 1039 435 1104 rebus
455 1039 497 1102 in
516 1039 769 1123 patrocinio
791 1039 988 1123 acceptis
1009 1042 1049 1104 et
1070 1039 1348 1122 conquisitis.

334 1161 392 1226 Itu
414 1165 455 1226 ut
478 1181 581 1246 supra
602 1164 806 1246 premissum
822 1162 911 1228 ess1:
936 1163 1143 1247 quicumque
1166 1166 1350 1248 patronum

228 1271 328 1314 suum
343 1251 522 1336 reliquerit
545 1254 581 1316 et
604 1252 649 1315 ud
672 1244 780 1316 alium
803 1272 839 1317 se
861 1251 954 1317 forte
977 1251 1175 1329 contulerit,
1199 1250 1268 1330 ille,
1294 1253 1350 1316 cui

228 1360 264 1405 se
292 1340 583 1417 commendaverit,
615 1340 675 1405 det
698 1340 730 1404 ei
752 1343 898 1418 terrum;
929 1361 1011 1403 nom
1040 1343 1216 1424 patronus,
1247 1360 1350 1424 quem

159 1431 164 1441 ‘
227 1427 444 1511 reliqueritss,
470 1431 505 1493 et
527 1431 658 1493 terrum
681 1431 717 1493 et
740 1448 806 1512 que
831 1429 862 1492 ei
886 1429 983 1494 dedit
1006 1428 1173 1494 obtineat.

228 1723 319 1791 IIII.¹
336 1727 551 1792 TITULUS:
587 1726 651 1791 DII
682 1727 1135 1794 OONMUTA'IIONIBUS
1162 1728 1220 1793 ΕΤ
1243 1728 1350 1793 VEN-

639 1833 931 1900 DITIONIBUS.

376 1957 406 2020 Ι.
441 1957 491 2021 Ut
514 1958 564 2022 ita
586 1957 702 2023 valeat
726 1959 961 2036 commutatio,
985 1959 1076 2023 sicut
1099 1962 1135 2024 et
1159 1959 1273 2024 emtio.

358 2046 408 2110 11.
444 2047 502 2124 Ut,
532 2047 561 2111 si
583 2068 654 2111 non
676 2046 785 2112 fuerit
807 2047 952 2113 idoneus
974 2047 1143 2126 venditor,
1172 2048 1352 2113 fideiussor

443 2135 555 2200 detur.

336 2222 407 2286 III.
442 2222 496 2288 Ne
518 2223 634 2289 valeat
656 2223 827 2289 violenter
849 2224 945 2288 facte.
967 2225 1132 2289 venditio.

314 2311 405 2374 IIII.
442 2310 478 2374 Si
502 2313 588 2376 orris
612 2313 703 2376 detis
726 2312 877 2397 pretium
897 2333 969 2377 non
992 2313 1101 2377 fuerit
1123 2313 1305 2397 inpletum.

365 2398 407 2463 V.
443 2398 480 2462 Si
502 2420 582 2483 pars
605 2401 710 2484 pretii
733 2401 816 2464 data
838 2422 909 2465 non
931 2400 1049 2466 fuerit.

345 2487 408 2550 VI.
446 2487 482 2551 Si
505 2488 602 2552 fraus
624 2489 662 2551 in
684 2488 796 2573 pretio
819 2489 871 2554 rei
892 2490 1032 2554 vendite
1055 2489 1127 2554 fiet.

324 2575 406 2640 VII.
443 2575 480 2639 Si
503 2576 597 2640 dicat
620 2576 696 2660 quis
718 2597 791 2642 rem
815 2597 912 2641 suam
933 2578 996 2643 vili
1018 2579 1131 2662 pretio
1152 2578 1350 2644 vindidisse.

304 2663 407 2728 VIII.
442 2663 496 2729 De
524 2665 593 2742 his,
629 2665 688 2749 qui
718 2665 833 2731 aliena
858 2667 1008 2732 vendere
1034 2666 1090 2731 vel
1121 2668 1249 2732 donare
1278 2686 1351 2751 pre-

442 2753 637 2818 sumserint.

282 2840 406 2905 VIIII.
442 2840 543 2920 Quod
569 2861 642 2906 rem
669 2843 708 2906 in
735 2843 956 2909 contentione
983 2844 1132 2928 positum
1153 2864 1225 2908 non
1246 2843 1352 2909 liceat

441 2931 583 2996 vindere
606 2930 661 2997 vel
685 2931 824 2997 donare.

362 3020 407 3082 X.
443 3018 481 3083 Si
503 3039 539 3084 se
562 3021 744 3103 permittat
766 3021 936 3105 ingenuus
959 3022 1168 3086 venundare.

341 3107 406 3171 XI.
442 3108 496 3174 De
523 3109 606 3173 viris
636 3130 676 3174 oc
707 3108 909 3174 mulieribus
939 3109 1099 3193 ingenuis
1128 3131 1149 3173 a.
1171 3129 1268 3175 servo
1295 3109 1351 3173 vel

441 3197 593 3281 ingenuo
615 3198 776 3263 venditis.

322 3286 408 3350 XII.
442 3285 523 3349 Non
550 3285 654 3351 licere
683 3286 885 3370 parentibus
913 3286 1002 3351 filios
1031 3307 1110 3351 suos
1136 3306 1352 3371 quocumque

444 3378 625 3439 contractu
648 3375 791 3439 ulterius
815 3375 967 3441 dominio
991 3376 1186 3460 subiugare.

300 3463 406 3527 XIII.
443 3462 497 3528 De
520 3482 695 3527 servorum
717 3463 861 3528 vinditis
884 3465 996 3529 rebus.

281 3550 406 3615 XIIII.
443 3550 480 3614 Si
495 3570 612 3615 servus
626 3552 789 3616 venditus
812 3552 850 3615 in
865 3553 1013 3637 priorem
1030 3553 1207 3617 dominum
1223 3553 1352 3617 crimen

443 3637 582 3703 obiciat.

329 3727 406 3790 XV.
441 3727 491 3790 Ut
514 3728 604 3792 servi
625 3727 760 3792 venditi
782 3728 989 3794 fucultatem
1012 3730 1171 3794 dominus
1194 3732 1351 3813 querat⁸.

310 3815 406 3879 XVI.
443 3814 480 3879 Si
502 3835 620 3880 servus
643 3816 689 3880 sit
712 3818 755 3882 de
779 3837 841 3881 suo
865 3817 999 3901 peculio
1024 3821 1147 3883 emtus.

289 3903 406 3968 XVII.
442 3904 493 3968 Ut
515 3903 632 3969 nullus
656 3925 792 3970 servum
816 3926 916 3971 suum
937 3907 1066 3971 vendet
1088 3907 1230 3971 invitus.

337 4096 358 4142 c)
372 4094 429 4134 duct
442 4095 491 4138 Μ.

337 4148 392 4191 1111.
432 4150 454 4196 ι)
469 4148 604 4196 relinquor-It
618 4149 665 4191 Bl.

337 4201 395 4244 TI'I'.
408 4201 463 4244 1111.
503 4204 525 4250 a)
540 4202 642 4250 requitur
655 4202 702 4245 121.

232 4342 258 4410 1)
279 4343 309 4398 V.
328 4359 414 4412 supro
431 4359 452 4395 c.
467 4346 490 4398 1.
