3000 4934
354 381 432 437 LEX
451 381 565 440 VISIG.
585 381 854 439 REOOESSVIND.
891 381 930 450 11,
950 387 975 451 3,
995 386 1019 439 6.
1033 387 1057 439 7.
1228 387 1262 440 69

141 587 242 631 suum
265 567 441 650 proprium
461 567 639 649 negotium
662 566 699 630 in
722 566 850 630 iudicio
874 586 1063 651 proponere
1086 586 1157 630 non
1172 569 1262 631 vete-

139 659 208 718 tur.
255 654 425 719 Maritus1
455 675 537 719 sane
567 676 637 719 non
668 657 741 720 sine
771 656 974 719 mandatum
1003 675 1141 719 causam
1170 656 1263 719 dicat

140 744 264 820 uxoris,
297 747 358 807 ant
389 747 482 808 certe
510 747 591 808 ante
615 744 764 808 indicem
788 763 824 808 se
847 743 911 807 tali
934 742 1067 826 obliget
1091 744 1260 821 cautione,

140 833 233 915 quod
255 853 342 896 uxor
361 832 541 915 negotium
564 833 638 896 eius
661 852 731 895 non
754 832 917 908 revolvat,
943 836 997 896 et⁰
1019 833 1048 896 si
1066 831 1260 909 revolverit,

140 921 314 998 damnum,
346 922 439 1004 quod
462 922 577 985 cautio
601 921 824 998 demonstrat,
856 920 1000 985 maritus
1023 921 1177 1004 recipiat,
1203 921 1262 1003 qui

140 1010 214 1074 sine
237 1010 440 1073 mandatum
465 1004 624 1074 causam<l
652 1009 764 1074 dicere
788 1010 973 1093 presumsit
996 1009 1120 1073 uxoris.
1161 1008 1262 1087 Quod

140 1099 168 1162 si
191 1099 335 1163 maritus
359 1119 507 1175 causam,
533 1119 637 1181 quam
660 1099 733 1163 sine
757 1093 982 1161 mandatumd
1005 1098 1179 1180 coniugisc
1201 1116 1262 1161 sue

139 1186 420 1271 prosequebatur,
451 1187 614 1263 amiserit,
642 1207 728 1249 uxor
750 1187 887 1249 nullum
910 1187 1136 1270 preiudicium
1160 1186 1261 1269 perti-

140 1279 285 1351 mescat;
318 1275 378 1339 sed
408 1278 470 1337 aut
497 1294 558 1358 per
581 1294 617 1339 se
640 1275 820 1356 negotium
848 1278 1083 1357 prosequatur,
1115 1277 1176 1336 aut
1206 1275 1261 1337 cui

140 1363 288 1427 voluerit
312 1383 361 1439 ea,
387 1383 453 1444 que
476 1363 542 1446 ipsi
562 1367 762 1446 conpetunt,
787 1364 1025 1446 prosequenda
1040 1363 1259 1438 conmendet;

140 1452 191 1514 ita
209 1454 258 1527 ut,
284 1451 321 1528 si,
346 1451 471 1514 marito
487 1471 549 1534 per
564 1445 751 1514 iudiciumf
770 1452 860 1516 iuste
884 1454 1054 1534 superato,
1080 1451 1193 1517 denuo
1217 1451 1261 1514 ad

141 1537 280 1603 causam
296 1539 478 1604 dicendam
494 1539 727 1604 adversarium
745 1539 855 1616 illum,
880 1541 939 1622 qui
962 1539 1072 1603 victor
1088 1539 1260 1615 extiterat,

140 1648 218 1711 pars
242 1628 395 1692 mulieris
417 1628 603 1693 crediderit
619 1628 887 1706 convexandum,
913 1629 1024 1711 adque
1048 1628 1107 1690 ing
1132 1628 1261 1692 iudicio

140 1717 290 1780 secundo
321 1717 473 1801 patuerit
503 1718 652 1782 eundem
682 1718 755 1782 eius
778 1709 962 1782 maritumh
988 1737 1060 1780 non
1082 1709 1253 1781 indevite¹

139 1805 269 1869 victum
305 1806 426 1882 fuisse,
465 1807 601 1870 noverit
635 1808 781 1870 eandem
814 1806 939 1869 mulier
972 1826 1043 1868 non
1077 1804 1189 1869 solum
1224 1824 1260 1869 se

139 1894 254 1970 iudici,
286 1895 345 1977 qui
376 1915 514 1959 eausam
538 1895 631 1978 prius
655 1895 874 1972 examinabit,
907 1895 967 1958 sed
991 1897 1053 1958 etg
1078 1892 1132 1956 illi
1156 1894 1260 1957 causi-

139 1984 225 2060 dico,
257 2004 360 2066 quem
389 1984 542 2048 iteratim
573 1984 617 2046 ad
647 1984 813 2047 iudicium
845 1982 1016 2066 conpulit,
1048 1983 1145 2045 iuxta
1173 1981 1259 2064 legis

138 2072 348 2136 sententiam
371 2092 444 2136 esse
468 2065 760 2135 satisfacturamk.

542 2275 609 2332 vn.
640 2274 849 2344 ANTIQUAa.

140 2388 211 2464 Ut,
243 2389 360 2452 sicut
390 2389 574 2465 lucrum,
609 2389 673 2451 ita
703 2392 745 2452 et
775 2389 973 2452 damnum
1003 2391 1258 2451 revertatur

140 2478 190 2540 ad
214 2470 549 2553 mandatoremb;
582 2478 631 2541 de
663 2477 896 2541 commodis
928 2477 1060 2542 etiam
1089 2477 1257 2541 manda-

501 2569 591 2630 tum
614 2566 891 2650 accipientis.

244 2672 342 2737 Sicut
371 2673 520 2750 lucrum,
553 2673 604 2737 ita
633 2676 669 2737 et
699 2674 864 2736 damnum
894 2672 991 2735 iuxta
1021 2672 1258 2736 condicionem

137 2761 293 2825 mandati
317 2763 470 2838 adeum,
496 2763 555 2845 qui
571 2782 710 2826 causam
725 2761 952 2837 mandaverit,
976 2763 1182 2836 revertatur;
1208 2761 1258 2823 ita

136 2852 259 2932 utqui
283 2870 421 2914 causam
446 2871 487 2914 ex
509 2852 694 2914 mandato⁰
724 2850 848 2914 dixerit
878 2853 914 2913 et
941 2849 1100 2925 fideliter,
1131 2853 1172 2912 ut
1202 2868 1257 2913 ne-

137 2938 270 3020 gotium
294 2943 488 3023 peragatur,
515 2938 717 3014 instituerit,
742 2938 785 3002 ab
810 2958 850 3003 eo
873 2940 1056 3002 mandator
1078 2957 1142 3001 nec
1165 2959 1257 3000 man·

137 3021 279 3088 datumd
305 3031 450 3110 repetat,
482 3047 545 3090 neo
575 3028 685 3110 ipsam
715 3030 835 3109 postea
865 3027 909 3089 ad
940 3025 1046 3089 alium
1068 3025 1258 3089 transferat

137 3114 324 3190 actionem;
356 3115 437 3196 quia
466 3115 633 3178 iniustum
665 3118 727 3189 est,
758 3119 799 3177 ut
829 3115 1021 3178 mercedem
1049 3114 1102 3177 sui
1129 3112 1256 3178 laboris

137 3201 285 3276 amittat,
310 3203 368 3284 qui
389 3222 450 3285 pro
467 3206 626 3285 suscepta
642 3222 745 3266 cansa
762 3201 912 3266 fideliter
927 3200 1120 3266 laborasse⁰
1136 3221 1256 3284 cogno·

136 3289 258 3365 scitur3
288 3290 339 3353 ite
361 3291 489 3367 uthis,
514 3291 573 3372 qui
596 3290 773 3372 negotium
798 3283 1062 3373 prosecuturusf
1087 3292 1149 3365 est,
1174 3293 1256 3354 ante

136 3397 238 3442 cause
261 3379 469 3463 principium
493 3398 572 3442 cum
595 3379 798 3442 mandatore
822 3378 975 3453 definiat,
1003 3380 1171 3461 quantum
1193 3398 1256 3461 pro

135 3467 339 3531 comodumg
364 3468 419 3531 sui
441 3467 568 3532 laboris
592 3467 691 3530 finito
715 3459 914 3550 negotiumh
941 3466 984 3531 ab
1008 3486 1048 3531 eo
1072 3467 1117 3529 sit
1140 3486 1255 3551 accep-

133 3559 242 3620 turus.
290 3554 390 3634 Quod
424 3557 453 3621 si
488 3550 681 3641 acceptami
718 3575 791 3620 rem
826 3559 1025 3639 prosecutor
1058 3555 1151 3619 infra
1184 3559 1254 3620 tres

134 3664 267 3710 menses
282 3645 426 3710 reddere
442 3645 630 3710 neclexerit
645 3645 849 3721 mandatori,
867 3644 1035 3728 quidquid
1051 3645 1093 3709 de
1110 3638 1252 3709 eademk

240 3856 260 3900 c)
275 3858 298 3893 et
312 3855 331 3893 ri
347 3864 393 3896 rev.
407 3854 450 3895 dee.
465 3854 511 3895 ΕΙ,
573 3851 596 3900 d)
611 3864 701 3893 causam
716 3874 742 3881 —
756 3850 887 3892 mandatum
900 3854 944 3894 dee.
958 3853 1004 3894 Rl.
1063 3855 1085 3899 e)
1099 3852 1195 3900 coniuge
1208 3852 1253 3894 111.

133 3907 151 3952 f)
166 3904 249 3946 iudicio
264 3908 310 3949 ΕΙ,
372 3909 394 3956 g)
408 3908 464 3946 decet
478 3908 525 3949 ΕΙ.
587 3907 611 3953 h)
625 3907 705 3946 marito
720 3908 766 3948 Rl.
827 3906 844 3954 l)
857 3907 890 3943 ita
904 3906 955 3953 1213
978 3904 1079 3945 indebite
1094 3906 1122 3946 al.
1185 3905 1208 3953 lx)
1222 3906 1254 3943 tta

132 3959 154 3997 E
159 3961 177 4000 1.
193 3959 237 4002 1'2.
246 3961 271 4009 33
293 3959 462 4000 satisfacturum
476 3961 505 4003 al.
520 3972 549 4002 m.
563 3971 619 4001 corr.
633 3960 801 3999 satisfacturam
815 3960 861 4001 121.
871 3959 894 4009 2;
917 3959 1085 3998 satnrxoturum
1099 3958 1147 4001 Ea

239 4013 290 4054 v11.
331 4013 354 4063 a)
367 4014 424 4051 deest
438 4014 459 4051 R
468 4014 487 4054 2.
556 4013 578 4061 b)
592 4011 724 4052 mandatore
738 4014 784 4054 Rl.
853 4015 873 4060 e)
890 4010 1021 4051 mandatum
1034 4013 1253 4054 a1.m.corr.mau-

132 4063 186 4105 dato
201 4066 246 4107 Rl.
308 4063 332 4113 d)
346 4064 452 4106 mandato
467 4067 513 4109 ΕΙ.
575 4068 596 4114 e)
610 4067 642 4104 ita
656 4067 707 4116 1213
729 4065 858 4105 elaborasse
871 4065 913 4104 Ru
928 4066 975 4107 alii.
1043 4065 1192 4112 Orecuturus
1207 4065 1253 4106 Rl.

131 4120 154 4167 g>
168 4120 200 4156 ita
215 4119 267 4169 1113
282 4117 394 4167 quomodo
409 4119 460 4169 E13
475 4117 587 4159 commodi
602 4119 654 4170 1323
670 4116 785 4158 commodo
799 4118 840 4157 Be
855 4119 901 4160 aui.
950 4118 974 4169 h)
988 4119 1078 4168 negotio
1093 4118 1139 4161 121.
1187 4117 1204 4165 i)
1217 4127 1253 4156 ao·

132 4176 198 4221 cepta
212 4173 258 4214 121.
313 4172 337 4219 k)
351 4170 446 4212 eandem
460 4173 510 4214 122.

134 4348 161 4414 1)
178 4349 220 4412 Cf.
239 4348 272 4403 L.
291 4349 368 4403 Rom.
386 4349 441 4403 Vis.
461 4349 488 4401 0.
505 4348 554 4403 Th.
574 4348 614 4414 11,
634 4350 676 4414 12,
696 4350 722 4402 4.
