3000 4934
339 391 418 445 LEX
436 390 551 448 VISIG.
571 389 840 445 Rnccassvirin.
876 389 928 459 VI,
949 395 972 459 1,
991 395 1017 447 4.
1036 395 1061 448 5.
1214 395 1266 447 179

145 596 280 640 servum
296 575 366 651 ille,
392 575 488 639 cuius
512 594 629 639 servus
649 574 822 656 questioni
838 574 1020 651 addicitur,
1045 596 1107 658 pro
1124 596 1164 640 eo
1181 576 1265 638 acci-

144 684 225 748 pere
240 663 401 739 noluerit,
425 666 564 727 tantum
579 662 730 747 pretium
747 663 900 727 eiusdem
924 664 1013 728 servi
1030 662 1181 740 artificis,
1206 664 1266 747 qui

145 753 317 836 questioni
351 753 521 829 subditur,
558 753 631 817 eius
662 752 800 815 domino
835 751 1060 835 persolvatur,
1096 756 1266 834 quantum

144 843 216 925 ipse
245 842 371 906 artifex
394 862 414 905 a
437 842 551 906 iudice
574 841 631 905 vel
659 841 757 905 bonis
786 839 984 904 hominibus
1011 840 1266 905 rationabiliter

144 930 258 995 valere
286 931 394 995 fuerit
421 932 612 995 estimatus.
664 930 721 993 Ita
748 933 867 993 tamen
894 930 1102 993 servandum
1130 933 1196 1006 est,
1225 933 1265 992 ut

144 1039 207 1084 nec
237 1021 427 1104 ingenuum
458 1019 600 1102 quisque
630 1039 694 1082 nec
725 1038 859 1082 16111111
891 1017 1037 1083 subdere
1065 1019 1159 1101 prius
1188 1038 1265 1100 que-

145 1108 248 1171 stioni
283 1112 472 1191 presumat,
511 1109 578 1171 nisi
614 1126 728 1170 coram
762 1106 876 1170 iudice
910 1106 965 1170 vel
1000 1107 1073 1171 eius
1108 1101 1264 1183 saionei,

145 1197 283 1260 domino
314 1197 420 1260 etiam
448 1197 536 1260 servi
562 1194 619 1259 161
648 1198 763 1258 actore
790 1199 959 1277 presente,
992 1195 1148 1259 districte
1178 1196 1266 1258 iura·

144 1285 243 1359 verit,
268 1285 360 1367 quod
376 1284 473 1347 nullo
490 1283 570 1347 dolo
585 1283 641 1347 vel
656 1283 780 1346 fraude
804 1287 866 1346 aut
889 1282 1023 1346 malitia
1045 1284 1264 1348 innocentem

144 1374 252 1436 faciat
275 1374 491 1455 questionem
510 1371 634 1436 subire.
681 1371 727 1434 Et
751 1372 779 1435 si
803 1371 962 1436 subditus
986 1372 1159 1453 questioni
1181 1393 1265 1435 mor-

144 1466 227 1524 tuus
256 1462 378 1536 fuerit,
411 1462 521 1544 adque
551 1460 626 1535 ille,
658 1460 718 1543 qui
748 1459 917 1535 subdidit,
949 1461 1042 1524 unde
1073 1481 1265 1543 conponere

145 1570 214 1613 non
239 1550 409 1625 habuerit,
434 1551 507 1633 ipse
531 1549 729 1614 subdendus
754 1552 806 1613 est
830 1549 998 1626 servituti,
1023 1550 1083 1631 qui
1106 1549 1266 1613 innocen·

145 1643 216 1701 tem
239 1639 324 1702 fecit
347 1639 466 1703 occidi.
514 1638 551 1702 Si
581 1641 698 1702 autem
727 1637 806 1702 dolo
835 1657 971 1701 servum
998 1638 1151 1703 alienum
1179 1638 1266 1720 quis·

144 1728 237 1810 piam
260 1728 478 1791 subdendum
501 1727 674 1811 questioni
696 1727 897 1801 intenderit,
924 1730 959 1791 et
983 1727 1142 1791 dominus
1166 1728 1264 1803 servi,

145 1817 202 1898 qui
226 1821 417 1894 accusatur,
442 1837 503 1900 per
522 1815 761 1899 probationem
785 1836 864 1880 eum
887 1816 1040 1900 potuerit
1064 1816 1106 1880 de
1130 1815 1266 1879 obiecto

145 1905 286 1969 crimine
313 1906 457 1969 reddere
482 1906 712 1981 innocentem,
742 1907 922 1968 accusator
947 1905 1019 1969 eius
1043 1903 1151 1966 alium
1173 1904 1266 1986 paris

143 1994 257 2058 meriti
281 2015 417 2058 servum
441 1995 594 2057 accusati
618 1994 756 2056 domino
781 1996 925 2074 cogatur
948 1991 1113 2067 exolvere,
1143 1995 1178 2056 11
1202 1992 1266 2055 dis·

144 2082 317 2165 pendium,
342 2084 434 2164 quod
453 2083 613 2145 dominus
630 2081 702 2144 eius
718 2081 755 2142 in
771 2080 1056 2163 adprobationem
1072 2081 1265 2143 innocentis

145 2171 233 2233 servi
256 2170 449 2254 pertulerit,
474 2174 577 2253 prout
600 2167 854 2232 rationabiliter
877 2168 981 2232 iudex
1004 2168 1103 2231 reddi
1125 2187 1266 2251 perpen-

145 2260 244 2335 derit,
270 2259 314 2323 ab
338 2259 468 2322 iniusto
491 2261 690 2321 accusatore
714 2261 873 2320 exactum
897 2256 1035 2320 domino
1060 2257 1148 2321 servi
1171 2258 1266 2321 16111-

143 2351 274 2410 tuatur.
329 2347 382 2411 De
412 2347 515 2411 rebus
545 2367 625 2410 1116
660 2346 810 2409 minimis
846 2345 948 2428 culpa
983 2346 1070 2410 servi
1104 2349 1266 2429 repperta

144 2436 312 2511 dominus,
345 2438 372 2499 si
396 2435 553 2512 voluerit,
587 2434 802 2518 conponendi
833 2434 1011 2498 licentiam
1039 2434 1183 2510 babeat;
1215 2436 1266 2498 ita

144 2529 184 2587 11
211 2526 321 2589 omnis
351 2524 409 2587 fur
438 2525 535 2588 iuxta
565 2524 770 2607 qualitatem
799 2523 899 2607 culpe
927 2523 1066 2606 flagella
1090 2524 1265 2607 suscipiat.

143 2613 210 2676 Pro
233 2615 354 2677 maiori
374 2634 455 2678 vero
475 2634 574 2689 noxa,
600 2614 628 2676 si
651 2613 923 2696 conpositionem
940 2613 1098 2676 dominus
1114 2612 1266 2676 noluerit

143 2702 283 2779 solvere,
309 2723 444 2768 servum
467 2724 528 2786 pro
553 2703 695 2766 crimine
718 2722 788 2764 non
811 2701 1004 2765 morabitur
1026 2702 1175 2765 tradere.
1211 2701 1265 2764 In-

110 2845 115 2856 .
143 2810 275 2872 genuus
302 2812 398 2869 sane,
430 2793 459 2856 si
490 2792 655 2855 libertum
683 2791 875 2873 (1191111111θ
904 2791 1080 2873 putaverit
1109 2790 1265 2853 addicen-

143 2881 234 2957 dum,
260 2874 351 2944 sives
371 2902 432 2964 pro
453 2879 594 2965 capitali
611 2880 752 2943 crimine
776 2899 836 2941 161
860 2899 921 2962 pro
946 2882 1086 2942 centum
1102 2878 1266 2960 quinqua·

143 2969 242 3048 ginta
271 2968 459 3031 solidorum
489 2968 700 3050 quantitate,
736 2968 765 3030 si
794 2968 901 3030 innox
930 2968 1170 3050 quodcumque
1199 2969 1266 3029 tor·

143 3057 252 3119 menti
283 3056 479 3139 pertulerit,
511 3067 559 3121 OL
586 3055 713 3119 solidos
747 3056 819 3118 eius
849 3056 978 3138 petitor
1009 3056 1041 3118 11
1073 3074 1266 3137 conponere

144 3143 391 3226 conpellendus
415 3149 477 3208 est.

364 3314 399 3371 V.
431 3312 600 3368 FLAVIUS
620 3311 934 3367 OHINDASVINDUS
953 3312 1042 3370 REX.

210 3424 413 3504 Qualiter
444 3428 495 3490 ad
525 3445 668 3508 regem
699 3427 925 3490 accusatio
957 3426 1197 3491 deferatur.

249 3532 285 3596 Si
309 3533 385 3617 quis
408 3534 556 3617 principi
580 3535 700 3596 contra
724 3531 914 3614 quemlibet
936 3532 1027 3596 falsa
1046 3533 1264 3616 suggesserit,

142 3623 193 3686 ita
219 3625 259 3685 ut
287 3622 381 3686 dicat
409 3643 489 3687 eum
517 3621 679 3685 adversus
707 3641 833 3705 regem,
866 3625 1006 3704 gentem
1033 3621 1089 3686 111
1117 3621 1266 3706 patriam

141 3710 273 3793 aliquid
296 3712 455 3794 nequiter
478 3711 686 3775 meditatum
715 3709 823 3774 fuisse
850 3715 912 3774 aut
940 3730 1042 3793 agere
1065 3710 1121 3774 161
1144 3711 1263 3793 egisse,

141 3821 201 3865 seu
233 3801 270 3862 in
300 3800 548 3863 autoritatibus
578 3798 635 3863 111
664 3800 835 3882 preceptis
865 3800 959 3882 regie
990 3799 1173 3883 potestatis
1204 3802 1265 3862 aut

140 3909 272 3963 eorum,
308 3890 368 3971 qui
398 3889 580 3952 iudiciaria
609 3888 853 3952 ordinationea
887 3889 1094 3970 funguntur,
1125 3888 1264 3951 iraudu-

141 3977 253 4042 lenter
277 3978 454 4060 quippiam
477 3978 675 4054 inmutasse,
708 3978 820 4058 adque
845 3978 950 4041 etiam
973 3978 1180 4061 scripturam
1202 3976 1265 4040 fal·

141 4087 210 4129 sam
243 4066 366 4130 fecisse
396 4065 452 4129 vel
482 4066 644 4129 recitasse
674 4064 866 4149 falsamque
896 4069 1071 4130 monetam
1101 4057 1263 4140 brissei,

141 4156 220 4217 sedc
254 4158 289 4218 et
317 4155 370 4218 sic
402 4154 608 4218 veneficium
637 4153 694 4218 161
723 4154 932 4219 maleficium
962 4157 1023 4218 aut
1054 4154 1264 4218 adulterium

248 4325 272 4374 d)
285 4326 363 4366 ssione
377 4327 424 4367 1³1.
479 4328 500 4367 ei
514 4324 671 4376 questionibus
685 4326 732 4368 Bi.
786 4328 805 4374 i)
819 4327 839 4365 si
853 4337 907 4366 vero
923 4327 942 4364 R
951 4327 970 4368 2.

248 4381 274 4423 V.
314 4383 337 4428 a)
351 4377 482 4430 dignatione
497 4380 544 4422 Ra.
599 4378 621 4427 b)
636 4379 714 4419 lesisse
729 4381 774 4422 121.
830 4380 850 4431 c)
865 4380 1024 4431 cidustRl;
1039 4377 1264 4421 sodomiticam.

998 4466 1048 4522 12*
