3000 4934
370 372 447 426 LEX
466 373 581 432 VISIG.
599 372 869 430 REOOESSVIND.
906 375 946 444 H,
959 379 984 444 1,
1002 378 1046 432 24.
1064 377 1108 431 25.
1270 377 1306 430 55

184 556 285 639 cepit.
318 555 485 620 Similiter
494 556 505 595 ¹
514 552 683 640 quoquef,
697 551 800 640 quiaf
810 559 1041 642 cognovimus,
1055 559 1148 641 quod
1160 558 1302 633 saiones,

183 645 242 727 qui
272 666 333 728 pro
365 646 476 708 causis
507 645 628 710 alienis
651 648 793 725 vadunt,
825 648 971 711 maiores
1002 668 1063 730 pro
1094 646 1212 711 labore
1243 665 1304 709 suo

183 733 389 811 mercedest,
422 755 525 816 quam
555 739 741 811 merentur,
773 737 954 819 accipiant,
986 739 1170 819 propterea
1201 733 1305 797 simili

183 822 321 885 decreto
352 821 438 905 legis
468 823 571 887 huius
602 825 759 900 edicitur,
790 829 839 901 ut,
872 825 931 907 qui
961 845 1024 908 pro
1048 824 1159 888 causis
1183 823 1305 886 alienis

182 911 323 981 vadunt,
354 911 525 975 decimum
552 914 771 977 tantumdem
801 913 972 977 solidum²
1001 933 1063 996 pro
1094 911 1212 976 labore
1243 931 1304 974 suo

183 1000 397 1082 conquirant.
452 998 553 1078 Quod
588 1002 617 1065 si
651 1002 775 1085 aliquis
810 1023 913 1087 super
947 1003 1040 1065 huno
1076 1001 1305 1065 constitutum

181 1109 363 1152 numerum
379 1109 546 1173 usurpare
562 1083 824 1173 presumserith,
850 1095 885 1155 et
908 1090 1092 1167 mercedes,
1116 1109 1200 1172 quas
1224 1089 1305 1172 legi·

181 1170 284 1240 timel
315 1177 437 1240 debuit
467 1178 631 1262 accipere,
664 1179 795 1262 perdat,
828 1183 863 1243 et
893 1179 1061 1261 quidquid
1092 1198 1195 1261 super
1218 1177 1304 1241 deci·

183 1286 278 1327 mum
297 1265 446 1328 solidum
461 1261 642 1330 fraudemk
661 1261 934 1350 quamcumquek
960 1267 1162 1351 perceperit,
1187 1266 1305 1349 dupla·

183 1356 259 1415 tum
289 1352 352 1430 illi,
384 1355 440 1418 cui
470 1355 625 1432 abstulit,
656 1356 791 1420 reddat.
845 1355 957 1434 Quam
988 1357 1105 1418 datam
1136 1355 1306 1418 commodi

184 1435 369 1505 summam¹
400 1463 441 1506 ex
471 1443 548 1527 lege
578 1447 651 1507 tam
680 1445 784 1508 iudex
814 1465 917 1527 quam
947 1444 1018 1508 saio
1046 1444 1121 1508 de¹¹¹
1143 1444 1305 1508 restitute

149 1581 154 1593 .
183 1531 233 1593 rei
257 1532 493 1614 conpositione
517 1533 707 1616 conquirat.
755 1532 856 1612 Quod
879 1534 908 1597 si
931 1554 981 1609 ea,
1006 1553 1072 1616 que
1094 1532 1199 1595 iudex
1219 1531 1305 1595 ordi·

182 1640 264 1682 nare
289 1620 453 1697 decernit,
478 1621 550 1685 saio
574 1622 720 1686 callidus
743 1622 875 1707 inplere
898 1621 1096 1698 neclexerit,
1121 1621 1151 1684 si
1173 1640 1237 1698 res,
1263 1620 1305 1685 de

182 1713 270 1790 qua¹¹
290 1709 415 1792 agitur,
440 1711 578 1774 unciam
595 1711 671 1774 auri
692 1710 748 1776 vel
771 1711 865 1775 infra
879 1710 994 1776 valere
1011 1709 1216 1786 constiterit,
1240 1709 1303 1787 illi,

182 1797 238 1860 cui
261 1818 315 1861 res
340 1797 458 1862 debita
481 1803 542 1876 est,
567 1800 659 1864 idem
684 1800 755 1863 saio
777 1801 819 1864 de
837 1820 898 1863 suo
915 1800 990 1863 auri
1006 1798 1155 1863 solidum
1170 1798 1304 1863 reddat.

182 1885 219 1949 Si
235 1889 328 1951 certe
344 1887 443 1970 plus⁰
462 1888 621 1966 valuerit,
647 1910 708 1973 per
732 1889 885 1972 singulas
909 1889 1028 1952 uncias
1052 1888 1206 1971 singulos
1230 1886 1305 1950 soli·

148 2025 153 2036 .
183 1974 243 2038 dos
273 1996 336 2059 pro
367 1996 430 2038 sua
457 1977 625 2041 tarditate
659 1978 843 2062 persolvat.
896 1977 1008 2041 Iidem
1043 1997 1124 2040 vero
1161 1975 1304 2051 saiones,

183 2084 261 2126 cum
291 2083 352 2147 pro
384 2065 495 2127 causis
525 2065 647 2129 alienis
674 2066 821 2141 vadunt,
853 2066 883 2128 si
912 2066 1024 2127 minor
1055 2083 1158 2128 causa
1188 2066 1240 2127 est
1271 2067 1306 2126 et

182 2171 335 2234 persona,
368 2153 454 2215 duos
484 2152 661 2216 caballus²
683 2157 822 2216 tantum
845 2153 888 2216 ab
913 2173 963 2229 eo,
996 2152 1092 2216 ouius
1116 2154 1304 2228 causaest,

182 2239 331 2322 accipiat
360 2239 569 2323 fatigandos.
618 2240 655 2304 Si
684 2261 765 2306 vero
795 2241 930 2304 maiorl'
958 2261 1104 2325 persona
1132 2240 1240 2303 fuerit
1270 2244 1306 2303 et

183 2348 295 2404 causa,
326 2348 395 2391 non
426 2328 574 2412 amplius
602 2351 705 2413 quam
735 2350 793 2395 sex
821 2329 994 2395 caballos³
1023 2332 1059 2393 et
1088 2351 1150 2414 pro
1180 2329 1304 2393 itinere

184 2420 219 2480 et
242 2437 304 2500 pro
328 2417 500 2501 dignitate
524 2419 664 2484 debebit
687 2419 852 2504 accipere.

261 2588 354 2648 XXV.
384 2589 554 2646 FLAVIUS
574 2589 788 2647 GLORIOSUS
806 2589 1118 2647 succussvmnus
1136 2589 1225 2648 REX.

182 2700 302 2780 Quod
322 2703 472 2780 omnis,
493 2704 567 2787 qui
586 2706 855 2787 potestatem
876 2703 1043 2787 accipit
1063 2702 1303 2780 iudicandi,

341 2792 506 2856 iudicis
529 2812 682 2857 nomen
706 2796 942 2857 censeatur
965 2812 1012 2856 ex
1036 2791 1143 2876 lege.

289 2896 459 2976 Quoniam
493 2899 713 2982 negotiorum
746 2899 899 2964 remedia
931 2898 1135 2963 multimode
1168 2897 1304 2962 diversi·

180 2987 264 3049 tatis
300 2987 492 3070 conpendio
527 2988 694 3070 gaudent,
731 2988 817 3052 adeo
853 2988 935 3064 dux,
973 2988 1112 3062 comisa,
1145 2987 1303 3063 vicarius,

181 3074 276 3157 pacis
315 3075 479 3150 adsertor,
521 3076 754 3159 thiuphadus,
796 3075 1023 3152 millenarius,
1060 3077 1306 3159 quingentena-

181 3154 288 3237 riusl,
313 3163 540 3236 centenarius,
566 3163 737 3238 defensor,
760 3164 986 3240 numerarius,
1007 3163 1063 3228 vel
1079 3164 1138 3246 qui
1154 3184 1195 3227 ex
1210 3163 1306 3246 regia

181 3250 332 3314 iussione
363 3253 424 3313 aut
454 3251 559 3315 etiam
588 3271 629 3315 ex
657 3271 826 3316 consensu
855 3251 1007 3335 partium
1036 3252 1168 3315 iudices
1190 3252 1227 3314 in
1250 3271 1305 3315 ne·

182 3338 286 3421 gotiis
310 3339 518 3423 eligantur0,
550 3339 620 3404 sive
649 3339 893 3423 cuiuscumque
917 3339 1048 3403 ordinis
1072 3340 1211 3403 omnino
1234 3360 1306 3424 per-

182 3448 274 3504 sona,
299 3428 355 3492 cui
380 3428 496 3493 debite
519 3429 673 3493 iudicare
697 3428 908 3505 conceditur,
933 3428 984 3492 ita
999 3448 1126 3505 omnes,
1150 3428 1187 3491 in
1203 3449 1306 3511 quan·

180 3520 254 3579 tum
279 3517 458 3581 iudicandi
480 3520 689 3602 potestatem
714 3517 920 3601 acceperint,
944 3517 1069 3582 iudicis
1089 3537 1216 3582 nomen
1232 3538 1305 3581 cen·

181 3610 297 3670 seatur
320 3626 361 3670 ex
385 3605 478 3690 lege3
509 3611 560 3682 ut,
592 3607 682 3671 sicut
711 3607 833 3670 indicii
860 3607 1057 3691 acceperint
1079 3607 1165 3685 iura,
1196 3607 1247 3670 ita
1270 3609 1306 3671 et

181 3694 296 3778 legum
321 3695 525 3775 sustineant,
550 3695 621 3761 sive
645 3696 834 3773 commoda,
859 3696 930 3761 sive
954 3695 1091 3760 damna.

287 3869 306 3916 1)
320 3868 415 3917 itam,-
430 3878 571 3918 quocumque
586 3870 606 3907 11
616 3869 640 3920 23
656 3869 709 3919 qula
719 3869 830 3911 decetRl.
872 3871 894 3918 g)
903 3869 936 3907 tta
945 3869 997 3918 1:15
1011 3865 1116 3909 mercede
1126 3869 1177 3918 RQ
1192 3868 1306 3911 durem.

181 3922 205 3968 h)
218 3922 383 3970 preuumscrlnt
396 3922 445 3965 Rl.
525 3922 543 3972 1)
561 3923 630 3971 legite
645 3923 694 3965 111.
775 3922 799 3971 k)
817 3920 898 3962 made
913 3932 978 3972 quac.
991 3922 1040 3965 Ru.
1125 3921 1142 3970 1)
1159 3932 1246 3961 summa
1259 3923 1306 3964 111.

180 3977 211 4023 m)
224 3975 281 4014 dom
295 3976 342 4018 Rl.
383 3975 407 4027 n)
421 3986 465 4024 qno
479 3976 526 4018 111.
567 3978 589 4024 ο)
602 3976 729 4026 pulsaverit
743 3976 794 4027 1313
809 3975 867 4026 plus,
883 3976 1131 4026 cad.man.supraecr.:
1145 3974 1244 4016 valuerit
1257 3974 1305 4018 112.

180 4029 205 4080 p)
217 4028 355 4126 minag&
396 4084 419 4131 ι)
433 4092 507 4123 comer
522 4081 571 4125 111.
625 4082 650 4132 b)
663 4082 870 4132 quinquagenarius
885 4083 933 4126 111.
989 4083 1009 4131 c)
1023 4081 1138 4131 suguntur
1152 4082 1199 4126 111.

182 4207 208 4274 1)
225 4207 267 4272 01.
288 4208 368 4273 leuem
386 4205 517 4258 novellam
537 4206 655 4259 rumis
671 4208 745 4272 reaia
761 4223 787 4262 a.
800 4207 861 4262 546.
881 4207 918 4258 ad
936 4205 969 4261 L.
989 4207 1065 4262 Rern.
1086 4205 1178 4262 0111.
1197 4205 1247 4270 IV,
1263 4207 1304 4258 16.

181 4279 282 4344 datam,
302 4280 371 4330 Acta
383 4278 460 4332 acad.
473 4277 536 4333 hiat.
549 4277 864 4344 mariammes),
881 4296 910 4346 p.
922 4279 977 4333 478
989 4294 1043 4345 sqq.
1116 4277 1144 4343 2)
1161 4276 1206 4329 Ita
1224 4276 1306 4328 ctiam

184 4349 308 4405 mado.
369 4349 397 4418 8)
417 4349 551 4402 ’.111111ᾶί11
569 4348 598 4400 in
615 4347 764 4402 maioribus
781 4347 889 4419 (causis)
907 4351 1026 4416 quatuor
1043 4346 1141 4403 caballi
1159 4344 1304 4400 sufficiant.
