3000 4934
266 374 320 425 aas
410 368 485 422 aas
505 368 620 425 umis.
640 367 910 424 arecassvnn.
946 367 1030 436 vm,
1048 373 1074 436 a,
1092 372 1177 435 c-a;
1195 373 1262 438 αι.

266 557 327 615 aut
359 553 465 616 iudici
495 556 557 614 aut
586 552 778 616 senioribus
808 551 876 615 loci
910 555 972 613 aut
1002 552 1108 615 etiam
1141 551 1178 613 in
1213 557 1402 616 conventu

267 640 407 724 publico
437 641 638 704 vicinorum.
691 639 793 718 Quod
827 641 855 702 si
891 660 960 702 nou
992 640 1265 711 denuntiaverit,
1302 641 1401 706 furis

266 731 430 792 danmum
453 729 607 793 habebit.
654 729 784 792 Similis
799 732 835 792 et
851 729 894 792 de
909 728 987 791 aliis
1002 728 1105 792 rebus
1120 729 1205 791 ordo
1221 730 1400 794 manebit.

671 881 738 938 m.
768 879 983 950 axr1es'a2.

266 976 322 1039 Ut
350 977 548 1039 errantia
579 976 790 1039 animalia
818 969 1090 1060 hoecupatab
1117 977 1191 1058 qui
1213 977 1401 1041 invenit

434 1064 680 1148 diligenter
710 1065 871 1129 habeat
901 1068 944 1128 et
973 1068 1213 1129 conservet.

374 1169 442 1249 Qui
469 1172 621 1234 errantia
649 1170 812 1234 animalia
840 1174 876 1235 et
904 1171 977 1234 sine
1000 1171 1175 1234 custodiae
1204 1172 1399 1247 invenerit,

266 1261 317 1322 ita
339 1258 526 1342 diligenter
549 1263 704 1343 occupet,
728 1263 862 1322 utnon
885 1262 1033 1336 evertat;
1065 1260 1125 1323 sed
1148 1260 1239 1323 sicut
1263 1267 1396 1324 suum³

266 1349 442 1432 proprium
459 1348 584 1431 diligat
607 1348 718 1430 adque
737 1348 921 1411 custodiat.
957 1346 1059 1426 Quod
1082 1349 1111 1411 si
1133 1349 1306 1426 dominus,
1335 1352 1401 1432 qui

266 1437 427 1520 perdidit,
457 1436 631 1500 caballum
661 1457 762 1499 suum
791 1437 847 1500 vel
878 1437 1006 1499 animal
1035 1431 1126 1500 nond
1153 1457 1315 1519 eversum
1348 1439 1400 1501 in·

265 1525 408 1593 venerit,
433 1545 494 1607 per
510 1525 646 1608 singula
663 1526 777 1609 capita
794 1525 924 1588 maiora
943 1527 1127 1607 quaternas
1150 1525 1303 1607 seliquas
1320 1528 1398 1602 ille,

266 1613 325 1695 qui
348 1613 490 1688 invenit,
515 1614 673 1696 accipiat.
713 1612 875 1677 Ceterum
899 1614 928 1676 si
951 1614 1124 1691 everterit,
1149 1614 1298 1697 duplum
1324 1617 1400 1679 ani·
1426 1652 1452 1688 a.

266 1701 335 1764 mal
360 1701 499 1763 domino
524 1705 668 1784 cogatur
691 1701 858 1766 exolvere.

783 1853 864 1910 VIII.

266 1949 325 2013 Ne
357 1948 567 2011 animalia
597 1949 794 2013 errantia
824 1953 1040 2033 occupata
1072 1954 1147 2013 aut
1175 1951 1397 2014 tondean-

265 2042 337 2101 tur
366 2042 440 2101 aut
468 2040 696 2102 caractere
724 2041 936 2101 notentur
958 2037 1027 2102 vel
1050 2039 1093 2100 in
1117 2037 1266 2102 alieno
1293 2040 1397 2106 iure

708 2127 937 2190 ducantur

374 2231 556 2296 Oaballum
577 2237 718 2316 captum
734 2235 907 2297 errantem
930 2232 1049 2296 nullus
1071 2234 1215 2298 tondere
1239 2234 1297 2298 vel
1322 2235 1397 2298 vin-

267 2320 372 2384 derea
407 2325 592 2403 presumat.
651 2320 804 2385 Oaballis
838 2322 943 2385 etiam
978 2325 1039 2385 aut
1072 2322 1185 2385 bubus
1219 2323 1276 2386 vel
1314 2323 1397 2387 aliis

266 2407 478 2488 quibuslibet
502 2409 682 2491 pecoribus
698 2403 918 2474 errantibusb
938 2411 1028 2472 nulli
1050 2410 1155 2474 liceat
1176 2413 1397 2476 caracteres1

266 2495 418 2577 infigere.
471 2494 571 2574 Quod
602 2497 631 2560 si
660 2498 736 2579 quis
766 2499 947 2562 inventum
981 2497 1109 2561 animal
1142 2500 1292 2563 vendere
1331 2503 1396 2563 aut

268 2583 395 2647 donare
425 2585 656 2667 presumserit,
689 2587 878 2649 secundum
902 2586 996 2670 leges
1020 2587 1109 2651 sicut
1132 2587 1191 2649 fur
1213 2589 1395 2652 teneatur.

268 2670 336 2750 Qui
358 2692 439 2736 vero
462 2674 663 2751 totonderit,
687 2678 759 2738 tres
782 2675 909 2739 solidos
933 2675 1138 2759 conpulsus⁰
1159 2675 1315 2754 exolvat3
1342 2679 1397 2742 ita

267 2761 333 2824 erit
356 2765 391 2824 et
415 2762 474 2843 qui
498 2768 706 2827 caracterem
729 2764 890 2828 infixerit.

267 3008 327 3070 VI.
351 3009 565 3074 TITULUS:
606 3010 669 3073 DII
701 3010 874 3075 APIBUS
906 3011 964 3074 ET
994 3012 1158 3076 EARUM
1190 3012 1397 3078 DAMNIS.

362 3132 391 3195 I.
427 3133 480 3198 De
504 3135 653 3198 inventis
678 3135 800 3217 apibus
825 3135 1063 3200 defendendis.

341 3222 390 3284 Π.
427 3222 463 3286 Si
488 3224 652 3287 damnum
675 3224 833 3287 facianta
861 3244 952 3308 apes.

320 3311 390 3372 ΠΙ.
426 3311 479 3375 De
503 3312 628 3375 furatis
652 3312 785 3395 apibus.

692 3463 716 3521 1.
747 3463 959 3535 ANTIQUAa

374 3558 432 3621 Si2
455 3559 531 3641 quis
555 3579 636 3642 apes
664 3559 700 3620 in
725 3559 811 3624 silva
841 3581 904 3623 sua
931 3565 992 3624 aut
1020 3554 1076 3623 inb
1104 3560 1248 3644 rupibus
1271 3560 1329 3624 vel
1354 3562 1397 3626 in

266 3666 346 3709 saxo
378 3650 438 3709 aut
473 3647 509 3708 in
541 3647 720 3710 arboribus
750 3648 934 3726 invenerit,
970 3649 1079 3712 faciat
1111 3652 1182 3713 tres
1218 3650 1394 3728 decurias,

374 3799 423 3840 Vll.
459 3803 481 3845 a)
495 3801 551 3838 deest
566 3801 613 3842 Ra.
668 3800 876 3850 noncupatum.
931 3805 952 3851 c)
967 3801 1060 3842 custode
1074 3803 1122 3845 Bt,
1137 3803 1163 3845 Ε.
1214 3800 1238 3853 (1)
1253 3813 1397 3845 conversum

262 3864 306 3902 pro
321 3864 364 3892 uon
373 3852 434 3947 illl.
443 3852 462 3894 2⁹
476 3908 497 3953 a)
512 3904 612 3946 vondoro
626 3907 646 3944 R
655 3906 674 3948 ll.
729 3906 751 3954 b)
766 3907 822 3946 deest
836 3909 882 3951 ΕΙ,
936 3912 956 3958 c)
971 3909 1112 3958 conpellatur
1126 3909 1244 3949 exsolvere
1258 3909 1308 3950 Bt.

373 3959 478 4002 '1¹1'1¹.v1.
519 3960 541 4006 a)
556 3959 625 3998 faeiat
639 3960 684 4001 ΕΙ.

374 4012 390 4054 l.
431 4013 585 4058 aldeestltl.
640 4012 794 4060 moenem.

267 4121 292 4179 ll
311 4122 380 4184 Quos
398 4136 445 4171 nos
462 4119 577 4171 diro‘nnea
597 4119 821 4182 ‘Ilausmorlren',·
839 4121 873 4185 cs.
892 4122 971 4185 infra
985 4122 1062 4188 VIII,
1077 4124 1103 4188 6,
1119 4124 1150 4184 1,·
1168 4121 1311 4189 Homeyer,
1328 4123 1395 4180 ‘Die

265 4190 356 4243 Ilo-us-
376 4191 433 4242 und
451 4190 632 4255 Ilofmorlren'
647 4208 676 4258 p.
691 4193 725 4245 10
737 4207 790 4258 sq.,·
810 4190 902 4256 Dahn,
918 4192 1025 4258 ‘Westu
1039 4193 1127 4246 saud!
1137 4211 1165 4261 p.
1178 4195 1229 4255 8&
1248 4194 1393 4262 Brunw,

266 4262 407 4399 lplgRngl.
420 4262 504 4398 ligiyg.
512 4262 587 4398 {gl}
604 4334 627 4387 l.
678 4261 706 4329 2)
725 4263 766 4327 Os.
787 4260 870 4314 Dchn
889 4263 906 4317 l.
926 4279 962 4327 o.,·
985 4265 1100 4331 earnm,
1122 4264 1202 4318 (ΕΑΒ
1218 4282 1247 4332 p.
1266 4266 1320 4320 696
1333 4283 1395 4334 sq„-
