3000 4934
247 366 283 420 sa
433 359 512 416 nux
530 358 646 416 vrsm.
665 358 935 418 unccnssvnrn.
971 359 1011 430 n,
1025 364 1049 428 1,
1067 363 1183 417 20-22.

454 537 519 595 XX.
549 536 718 593 FLAVIUS
738 535 1052 592 OHINDASVINDUS
1071 535 1159 592 REX.

249 652 291 716 Si
318 652 450 717 index
478 652 601 716 dolo²
628 650 697 715 vel
727 649 986 714 calliditate
1015 652 1089 713 aut
1115 644 1270 714 unamb
1303 657 1386 717 aut

248 740 392 807 ambas
439 739 919 892 causantiuffusffiffi
952 738 1185 822 dispendia
1228 739 1384 807 faciat

354 934 554 1020 Tranquillo
588 936 678 998 hae⁰
714 934 862 999 sollicite
894 933 1063 998 instantia
1091 937 1380 1002 mansuetudinis

246 1029 363 1090 nostre
401 1027 594 1109 premonet,
634 1023 765 1088 iudices
800 1043 916 1087 omnes
951 1043 1022 1086 non
1056 1021 1180 1088 debere
1221 1024 1380 1092 dilatare

247 1114 446 1191 causidicos,
477 1108 543 1178 nod
576 1113 672 1196 gravi
697 1112 877 1197 dispendio
900 1111 1119 1193 aliquatenus
1143 1112 1377 1178 honorentur.

248 1202 348 1282 Quod
364 1202 393 1267 si
416 1202 496 1267 dolo
520 1206 581 1266 aut
598 1201 790 1266 calliditate
814 1201 931 1285 aliqua
954 1201 998 1264 ad
1021 1201 1087 1265 hoc
1102 1201 1242 1265 videtur
1264 1202 1379 1268 iudex

247 1291 385 1358 differre
415 1292 603 1375 negotium,
635 1295 694 1354 ute
723 1311 794 1355 una
824 1311 901 1374 pars
932 1292 993 1353 aut
1021 1289 1121 1354 ambe
1144 1289 1377 1375 naufragium

246 1381 432 1466 perferant,
464 1381 632 1465 quidquid
663 1373 872 1463 dispendiisf
899 1398 1000 1463 super
1031 1383 1108 1443 octo
1139 1378 1210 1443 dies
1242 1385 1287 1443 a⁸
1316 1382 1377 1446 die

247 1473 345 1554 cepte
369 1471 518 1534 accionis
542 1472 723 1533 causantes
746 1467 964 1553 pertulerint,
987 1467 1124 1531 reddito
1141 1474 1374 1548 sacramento,

245 1561 360 1622 totum
394 1559 442 1622 eis
475 1558 579 1621 iudex
612 1558 755 1620 reddere
791 1556 1019 1640 conpellatur.
1073 1555 1134 1620 Sin
1164 1559 1282 1621 autem
1315 1561 1376 1625 vel

246 1646 405 1729 egritudo
428 1645 483 1709 vel
507 1644 644 1728 publice
668 1644 858 1709 hutilitatis
880 1645 1025 1709 indictio
1042 1646 1258 1730 suspenderit
1282 1646 1375 1712 iudi-

246 1754 320 1800 cem
343 1754 364 1797 a
383 1727 545 1816 negotioh
563 1735 806 1818 peragendum,
831 1732 963 1796 nullam
987 1755 1119 1798 moram
1141 1733 1277 1800 exibeat
1303 1737 1374 1801 liti-

245 1822 417 1906 gantibus,
443 1822 502 1887 sed
527 1823 590 1886 sub
614 1823 679 1886 hac
704 1842 760 1886 eos
777 1822 978 1887 definitione
999 1822 1182 1887 confestim
1198 1823 1372 1904 absolvat,

245 1905 303 1976 uti
330 1911 375 1976 ad
400 1931 536 1976 causam
560 1912 807 1995 expediendam
832 1912 1031 1995 conpetenti
1054 1915 1208 1995 tempore
1231 1913 1375 1980 indubi-

244 2005 361 2067 tanter
384 1994 605 2065 occurranuk.

645 2154 725 2208 xxi.
756 2153 965 2223 ANTIQUAa.

302 2265 413 2345 Quid
447 2267 584 2351 primo
619 2267 748 2331 iudex
783 2267 1016 2331 observare
1052 2267 1225 2345 debeat,
1261 2274 1312 2333 ut

508 2375 680 2419 causam
711 2354 819 2419 bene
850 2359 1098 2439 cognoscat.

350 2477 491 2555 Iudex1,
515 2483 557 2542 ut
580 2478 667 2543 bene
692 2499 830 2542 causam
854 2483 1028 2561 agnoscat,
1060 2480 1209 2563 primum
1230 2478 1364 2548 aestesb

242 2570 442 2649 interroget,
468 2567 592 2631 deinde
615 2567 834 2651 iscripturas⁰
855 2569 1016 2650 requirat,
1041 2573 1083 2632 nt
1105 2571 1232 2634 veritas
1255 2574 1370 2654 possit

243 2657 369 2721 certius
392 2656 548 2731 inveniri,
573 2677 617 2721 ne
633 2658 677 2720 ad
694 2661 947 2722 sacramentum
961 2658 1066 2723 facile
1081 2659 1249 2723 veniatur.
1284 2660 1368 2727 Hoc

243 2746 335 2810 enim
357 2744 489 2810 iustitie
512 2746 627 2829 potius
652 2746 831 2829 indagatio
853 2766 935 2812 vera
957 2749 1173 2826 conmendat,
1198 2751 1238 2812 ut
1261 2752 1368 2836 scrip·

241 2839 319 2898 ture
344 2855 385 2898 ex
400 2834 558 2898 omnibus
574 2835 816 2913 intercurrant,
843 2840 879 2901 et
901 2837 1039 2900 iurandi
1054 2839 1241 2902 necessitas
1265 2836 1363 2904 sese‘l

242 2924 381 2987 omnino
411 2925 609 3007 suspendat.
656 2925 700 2987 In
724 2924 881 2989 hisvero
911 2927 1021 2990 causis
1045 2932 1261 2991 sacramenta
1289 2950 1365 3011 pre·

242 3014 386 3090 stentur,
418 3012 455 3075 in
485 3013 609 3096 quibus
639 3013 774 3077 nullam
803 3015 1009 3098 scripturam
1036 3015 1093 3080 vel
1122 3016 1365 3099 probationem

241 3120 301 3165 seu
325 3105 420 3167 certa
442 3102 571 3167 indicia
593 3104 748 3168 veritatis
778 3104 943 3168 discussio
969 3104 1156 3169 iudicantis
1179 3107 1362 3171 invenerit.

429 3274 525 3333 XXII.
555 3275 725 3332 FLAVIUS
744 3275 1059 3331 OHINDASVINDUS
1078 3276 1165 3332 REX.

264 3387 306 3450 si
336 3389 645 3471 cuiuscumque
674 3389 879 3453 honorisa
906 3393 982 3452 aut
1010 3388 1179 3450 ordinis
1208 3388 1340 3450 iudex

483 3477 659 3541 dicatur
690 3476 843 3540 haberi
874 3479 1116 3558 suspectus.

347 3599 383 3662 si
406 3600 482 3681 quis
505 3600 654 3662 iudicem
679 3603 740 3661 aut
764 3599 923 3662 comitem
951 3601 1012 3660 aut
1035 3595 1200 3659 vicarium
1224 3595 1361 3663 comitis

240 3707 300 3750 seu
333 3680 587 3770 thiuphadumb
622 3690 797 3769 suspectos
832 3685 960 3748 habere
994 3705 1030 3748 se
1065 3684 1189 3748 dixerit
1224 3687 1278 3748 et⁰
1315 3690 1361 3752 ad

344 3859 391 3901 XX.
432 3858 573 3906 a)loloR1.
627 3858 770 3906 b)unaR1.
825 3860 845 3906 c)
860 3859 916 3897 decer
930 3857 979 3900 aa.
1033 3856 1174 3906 d)nech.
1222 3860 1360 3906 e)autR1.

237 3910 387 3961 oexpendlia
402 3923 458 3954 corr.
473 3909 580 3960 expendii
595 3911 642 3950 Μ.
690 3914 712 3960 g)
726 3916 819 3960 accepta
828 3923 873 3961 pro
887 3921 901 3950 a
915 3908 952 3950 die
967 3916 1033 3961 cepte
1048 3913 1096 3954 132.
1143 3911 1167 3959 h)
1181 3913 1296 3961 negotium
1310 3914 1360 3957 Ra,

238 3966 254 4013 i)
268 3967 322 4005 item
332 3976 375 4014 pro
391 3970 416 4005 ut
429 3962 459 4004 sd
472 3966 493 4005 R
503 3966 520 4006 1.
575 3965 599 4014 k)
614 3969 719 4004 occurrat
732 3966 752 4003 Β
763 3968 780 4008 1.
796 3966 817 4003 Ε
825 3968 850 4015 1,·
869 3966 1006 4005 hoccurrant
1019 3967 1073 4018 1223
1089 3970 1210 4005 occurrant
1225 3967 1271 4008 ulti.

344 4019 402 4060 XXI.
442 4020 465 4066 a)
479 4019 597 4061 deeath.
652 4018 675 4065 b)
689 4024 769 4058 testem
784 4020 832 4061 121.
887 4022 907 4068 c)
921 4019 1056 4069 scripturam
1070 4020 1119 4061 ΒΞ.
1175 4017 1199 4070 d)
1213 4030 1262 4060 esse
1276 4021 1324 4061 111.

344 4072 414 4114 XXII.
455 4074 478 4119 a)
492 4072 583 4112 honeris
597 4073 646 4114 121.
701 4073 724 4121 b)
739 4071 850 4112 thifadum
864 4074 913 4115 Μ,
967 4075 988 4122 e)
1002 4079 1104 4113 etsunm
1118 4073 1172 4125 1213
1187 4072 1217 4112 ad
1231 4084 1295 4113 suum
1310 4075 1359 4117 ΕΞ.

239 4194 264 4261 1)
281 4197 326 4247 Ad
343 4196 490 4263 coemptum
509 4197 591 4250 tacius
609 4199 675 4264 lepte
692 4199 822 4265 scriptum
834 4206 871 4251 cst
882 4198 963 4265 Lapis
974 4199 1071 4251 Baiuv.
1085 4200 1125 4254 tit.
1139 4201 1165 4265 9,
1178 4214 1199 4253 o.
1212 4200 1253 4252 17.
1284 4199 1360 4261 Quod

237 4267 298 4318 inde
310 4268 339 4317 ia
351 4267 446 4332 chcm
458 4268 675 4322 Alamannorum
687 4285 708 4325 c.
720 4271 763 4324 42.
777 4277 907 4338 receptum
919 4277 970 4333 cst‚·
987 4272 1069 4324 aliter
1081 4272 1218 4335 Brunncr,
1231 4270 1274 4324 (Ι).
1286 4269 1358 4323 Re!

239 4337 261 4402 I,
278 4354 306 4404 p.
320 4340 380 4404 316,
401 4342 483 4393 n.12.
