3000 4934
407 372 485 430 Lux
503 371 619 430 visre.
638 371 909 431 Ruccsssvmu.
944 371 985 441 11,
999 377 1023 442 1,
1042 377 1068 430 6.
1081 378 1106 431 7.
1281 379 1318 432 43

193 559 351 636 voluerit,
375 577 446 623 non
470 559 514 622 de
531 556 702 621 facultate
726 557 809 635 eius,
834 559 895 623 sed
917 558 1010 622 unde
1035 556 1205 641 placuerit
1228 558 1316 642 prin·

194 647 261 731 cipi
283 651 423 712 tantum
447 647 479 713 ei
502 646 681 711 solumodo
706 639 946 711 concessurusl
977 650 1038 722 est,
1067 650 1238 730 quantum
1261 648 1317 712 he-

193 736 351 890 pplqptrqpis
382 737 535 802 eiusdem
566 735 698 819 culpati
727 735 921 801 vicesimam
955 735 1067 820 portio
1101 734 1210 801 fuisse
1241 755 1316 800 con·

281 1013 349 1073 VII.
376 1012 546 1070 FLAVIUS
566 1011 781 1069 GLORIOSUS
799 1010 1111 1069 REOOESSVINDUS
1130 1012 1218 1071 REX.

193 1128 275 1193 De1
295 1148 380 1191 non
400 1126 673 1192 criminando
693 1125 895 1277 ppilncipe
914 1145 991 1190 neo
1012 1126 1316 1192 maledicendo

712 1236 724 1277 1
773 1235 796 1277 1.

301 1322 399 1387 Sicut
432 1322 470 1384 in
504 1340 686 1405 personam
719 1320 884 1405 principis
915 1321 1074 1386 omnibus
1109 1322 1314 1406 proibemus,

194 1416 255 1476 aut
286 1429 498 1475 commovere
529 1409 720 1492 nequitiam
750 1409 970 1492 cogitationis
1001 1414 1063 1475 aut
1095 1432 1218 1476 manus
1255 1412 1316 1474 ini·

194 1521 269 1565 cere
299 1499 457 1579 ultionis,
493 1499 544 1563 ita
579 1498 685 1563 etiam
720 1497 859 1561 nullum
892 1498 1045 1583 patimur
1073 1500 1111 1563 in
1140 1520 1220 1564 eum
1254 1503 1316 1565 aut

192 1592 312 1654 notam
336 1607 464 1673 ponere
488 1586 662 1653 criminis²
686 1590 748 1652 aut
770 1586 875 1652 verba
898 1607 1083 1671 congerere
1106 1588 1316 1654 maledictio·

192 1678 256 1743 nis.
310 1677 414 1743 Sacro
448 1696 597 1760 namque
632 1675 821 1741 auctoritas
851 1676 1019 1761 scripture
1050 1681 1086 1742 et
1114 1698 1186 1742 non
1218 1677 1316 1744 iubet

192 1767 300 1852 accipi
330 1766 554 1850 obproprium
581 1766 743 1830 adversus
771 1766 965 1849 proximum
992 1766 1116 1831 suum²
1146 1770 1182 1833 et
1211 1767 1315 1845 hunc,

191 1857 250 1941 qui
271 1855 491 1921 maledixerit
514 1853 663 1939 principi
686 1853 806 1938 populi
829 1854 884 1920 sui
893 1854 914 1934 ⁸,
940 1855 1155 1921 demonstrat
1171 1856 1316 1921 existere

190 1967 297 2011 reum.
346 1943 564 2029 Quapropter
591 1943 798 2027 quicumque
825 1944 863 2007 in
886 1944 1078 2028 principem
1101 1947 1163 2008 aut
1187 1945 1316 2009 crimen

190 2034 347 2100 iniecerit
378 2037 440 2099 aut
469 2031 695 2097 maledictum
721 2031 892 2110 intulerit,
922 2033 974 2096 ita
995 2033 1154 2097 uthunc
1178 2032 1317 2097 devita

191 2144 254 2188 sua
282 2144 353 2188 non
383 2121 564 2186 humiliter
595 2124 631 2187 et
660 2120 803 2186 silenter
833 2121 1018 2185 admonere
1048 2125 1224 2205 procuret,
1256 2122 1317 2187 sed

192 2204 294 2276 huicb
321 2229 467 2295 supervo
494 2214 531 2276 et
554 2208 806 2275 cuntumeliose
835 2209 1003 2275 insultare
1031 2212 1217 2294 pertemtet
1244 2211 1316 2275 sive

192 2301 298 2366 etiam
320 2301 359 2364 in
381 2298 664 2365 detractationis⁰
693 2299 767 2364 eius
797 2298 988 2382 ignominia
1017 2299 1135 2384 turpia
1164 2301 1199 2364 et
1229 2299 1315 2363 iniu-

191 2390 282 2454 riosa
304 2392 489 2473 presumat,
515 2388 544 2454 si
563 2407 604 2454 ex
618 2387 794 2453 nobilibus
810 2387 1011 2473 idoneisque
1027 2388 1181 2472 personis
1196 2388 1313 2466 fuerit,

191 2499 252 2544 seu
275 2479 321 2543 sit
342 2476 524 2561 religiosus
555 2477 625 2543 sive
656 2477 762 2543 ctiam
791 2471 935 2555 laicusd,
966 2498 1046 2542 mox
1076 2478 1234 2542 detectus
1262 2496 1314 2542 ex·

190 2568 303 2633 titerit
338 2570 374 2633 et
407 2567 584 2645 inventus,
623 2566 803 2632 dimidiam
837 2566 992 2631 omnium
1025 2586 1141 2632 rerum
1175 2587 1315 2631 suarum

190 2661 325 2741 partem
345 2656 495 2736 amittat,
521 2657 564 2722 de
580 2659 667 2740 qua⁰
688 2656 781 2722 idem
797 2655 956 2740 princeps
971 2655 1124 2721 faciendi
1140 2656 1233 2740 quod
1248 2654 1314 2719 sibi

189 2745 359 2830 placuerit
392 2748 603 2830 potestatem
636 2744 805 2811 obtineat.
857 2744 949 2811 Nam
978 2744 1007 2810 si
1038 2745 1080 2810 de
1110 2737 1311 2810 vilioribusf

190 2835 499 2917 humilioribusque
522 2835 677 2918 personis
700 2834 846 2913 fueritss,
872 2837 934 2899 aut
958 2837 1049 2899 certe
1073 2826 1196 2918 quemh
1214 2832 1314 2898 nulla

190 2924 341 3007 dignitas
365 2923 554 3000 exornabit,
584 2924 677 3006 quod
703 2925 746 2988 de
769 2923 832 2988 illo
854 2923 911 2989 vel
935 2924 977 2987 de
1001 2922 1104 2989 rebus
1128 2922 1200 2988 eius
1224 2923 1313 3007 prin-

189 3033 268 3097 ceps
295 3011 446 3077 voluerit
475 3012 652 3076 iudicandi
682 3011 860 3078 licentiam
890 3012 1044 3078 habebit.
1092 3012 1204 3076 Simili
1234 3032 1313 3094 quo·

189 3120 255 3184 que
278 3104 442 3183 precepto
466 3099 656 3165 defunctog
675 3101 780 3166 etiam
802 3101 950 3186 principi
975 3093 1113 3166 ausumi
1144 3104 1313 3185 oportune

189 3186 428 3251 interdicimus
446 3188 664 3252 detrahendi.
711 3188 892 3254 Incassum
915 3190 1044 3254 etenim
1067 3189 1121 3254 his
1145 3189 1204 3272 qui
1227 3189 1314 3253 vivit

190 3275 415 3339 detractionis
443 3275 481 3338 in
509 3275 714 3340 defunctum
737 3271 873 3340 iaculok
900 3277 1019 3355 mittit,
1052 3297 1130 3341 cum
1159 3277 1229 3341 iam
1260 3277 1313 3342 de·

189 3357 355 3427 iunctusk
377 3382 441 3428 nec
465 3364 773 3430 constitutionibus
796 3364 907 3430 imbui
929 3385 993 3430 nec
1018 3365 1313 3450 increpationibus

189 3453 297 3537 possit
325 3446 500 3537 urgueri¹.
552 3452 620 3520 Sed
650 3454 732 3538 quia
760 3476 822 3539 pro
853 3458 947 3520 certo
977 3454 1072 3519 illius
1102 3454 1238 3519 insania
1265 3454 1313 3517 in·

189 3542 351 3620 notescit,
394 3543 477 3627 quia
514 3543 646 3609 frustra
685 3544 722 3607 in
756 3565 827 3608 non
861 3544 1069 3609 sentientem
1109 3544 1312 3608 detractoris

187 3630 293 3697 verba
315 3632 533 3711 transmittit,
562 3633 641 3698 ideo
667 3633 802 3698 hisdem
824 3637 1043 3718 presumptor
1065 3645 1090 3700 h
1112 3632 1313 3698 verberibus

187 3720 366 3805 vapulavit
390 3724 454 3787 et¹¹¹
473 3722 717 3806 presumtionis
741 3742 802 3787 sue
825 3727 997 3808 oportuna
1019 3722 1159 3788 silentia
1175 3721 1311 3799 dabitm‚

296 3911 311 3957 1)
327 3921 434 3951 concesse
448 3911 468 3950 R
477 3911 497 3954 2.
551 3915 581 3959 m)
595 3912 719 3953 vicensima
733 3914 781 3955 Μ.

296 3964 346 4006 vll.
387 3967 409 4013 a)
423 3965 538 4013 mincprc
553 3966 647 4006 erimine
661 3967 710 4009 121.
771 3967 841 4015 b)lta
855 3967 1077 4019 E.V,·huiu0121;
1100 3967 1184 4010 10122.
1239 3968 1259 4015 e)
1274 3964 1313 4006 de·

188 4017 337 4058 tractionlbus
352 4017 401 4060 Iit.
462 4015 485 4067 d)
499 4018 580 4068 vulgus
594 4020 614 4058 lt
625 4021 642 4061 1.
705 4019 726 4065 c)
740 4021 785 4069 qui
799 4021 819 4060 ll
829 4023 848 4063 1.
906 4021 925 4069 f)
939 4021 1057 4062 vilioribus
1071 4020 1249 4069 humiliatusque
1264 4020 1312 4062 121.

186 4074 209 4120 g)
223 4071 279 4110 deest
294 4071 343 4113 ΕΙ.
384 4070 408 4119 h)
423 4081 468 4120 qua
482 4072 531 4113 121.
571 4072 588 4120 i)
602 4083 659 4112 ausu
674 4073 727 4125 1113
742 4084 797 4113 auso
812 4074 860 4117 El.
905 4073 930 4167 kp
944 4074 1018 4116 iscula
1031 4096 1057 4104 —
1072 4072 1192 4116 defunctus
1207 4075 1250 4118 deo.
1263 4073 1312 4116 m.

186 4125 698 4177 llituR2.lr'i;torqueriltlurguial.
751 4125 1058 4176 mlct—dabtdcs.Rl,
1152 4128 1154 4133 ⁴

188 4285 214 4350 1)
232 4285 275 4349 Cf.
288 4300 413 4339 canoram
431 4285 463 4337 de
480 4286 570 4339 codcm
582 4292 742 4352 retegentem
756 4286 831 4342 Cone.
848 4288 928 4344 Tolet.
943 4288 974 4356 V,
991 4290 1016 4345 ὃ.
1077 4288 1104 4358 2)
1116 4288 1216 4343 Pcalm.
1228 4289 1271 4355 14,
1285 4290 1311 4343 3.

188 4356 215 4420 3)
232 4356 319 4411 Exod.
339 4359 383 4424 22,
403 4358 454 4418 28:
472 4359 542 4410 Aeta
559 4364 644 4426 apost.
664 4360 707 4424 23,
727 4360 753 4413 b.
