3000 4934
633 363 863 420 PRAEFATIO.
1250 361 1308 417 XV

299 550 430 614 Tentum
447 547 625 629 pleniorem
647 552 677 612 et
699 545 871 622 certiorem,
894 551 930 610 ut
952 565 1052 626 supra
1069 542 1188 624 monui,
1213 542 1308 608 editio

188 644 299 703 nostra
321 636 496 718 definitiva,
527 657 626 718 spero,
658 634 831 716 0010000001,
860 640 966 698 tamen
989 633 1084 698 etiam
1106 632 1190 697 nano
1211 631 1308 696 mutto

181 725 450 809 praestantiorem
465 746 530 789 esse
547 723 656 806 priori
678 723 800 789 nemini
823 722 930 787 latebit
946 720 1120 802 conferenti
1142 727 1309 801 utrumque

189 821 314 896 tentum,
338 834 386 879 en.
409 835 457 896 pr.
482 813 620 895 capitum
643 818 719 877 286.
743 818 819 876 300.
845 817 920 875 322.

686 1057 750 1123 Cap.
769 1057 809 1111 ΙΙ.

233 1169 292 1234 De
320 1169 424 1250 Lepe
451 1166 758 1248 Visipotttorum
785 1163 1168 1230 Reooessoiudiana
1197 1184 1266 1227 seu

540 1255 667 1320 Libro
697 1253 958 1319 iudiciorum.

302 1360 407 1428 Ooden
430 1360 630 1425 Enrioiauus
658 1358 735 1423 solis
762 1358 876 1424 Gothis
905 1358 985 1440 iopes
1008 1357 1170 1442 praebuit,
1207 1358 1310 1424 Ooden

190 1449 404 1515 Atarioianus
427 1471 457 1513 a.
475 1455 550 1512 506.
574 1448 676 1514 editus
698 1447 774 1513 sotis
793 1447 959 1528 Romanis,
984 1447 1020 1512 id
1041 1453 1087 1512 est
1101 1446 1310 1527 prouinciati-

192 1540 268 1620 bus,·
290 1545 423 1619 utraque
446 1536 535 1602 natio
552 1535 687 1620 proprio
709 1536 780 1600 iure
802 1542 948 1619 separato
971 1535 1101 1600 oioebat.
1153 1535 1310 1617 Tempori-

191 1629 249 1692 tms
275 1625 442 1709 prioribus
475 1625 570 1691 etiam
599 1624 789 1691 connubium
822 1624 907 1689 inter
938 1624 1057 1689 Gothos
1090 1630 1119 1689 et
1148 1624 1311 1689 Romanos

192 1718 317 1797 deerat·
339 1713 516 1780 constitutio
539 1713 624 1780 enim
643 1712 865 1778 Valentiniani
887 1719 916 1777 et
938 1712 1089 1793 Valentis,
1114 1733 1178 1794 qua
1196 1734 1311 1778 oonnu

192 1804 277 1870 bium
299 1803 384 1868 inter
398 1803 562 1868 Romanos
584 1808 613 1867 et
635 1804 788 1867 barbaros
815 1801 942 1867 uetitum
965 1808 1042 1884 erat,
1072 1801 1182 1867 Godioi
1200 1801 1310 1866 Alari-

192 1892 294 1974 oiano,
323 1893 356 1958 0.
382 1893 500 1957 Το000.
524 1891 600 1973 ΙΙΙ,
625 1896 718 1972 14,1,
743 1891 865 1955 inserta
888 1897 932 1955 001
943 1891 963 1953 ².
1012 1891 1185 1972 Postquam
1207 1896 1311 1954 autem

191 1981 275 2047 hano
304 1980 554 2047 constitutionem
581 2001 664 2044 nooa
691 1980 749 2061 ten,
780 1979 816 2043 in
839 1977 1129 2044 Reooessoindiana
1157 1977 1311 2059 ‘antiqua’

192 2070 286 2152 diota,
310 2070 447 2149 fortasse
470 2091 491 2133 a
512 2067 695 2149 Leooipitdo
716 2067 825 2132 Oodioi
840 2066 1019 2132 Eurioiano
1043 2066 1163 2147 addita,
1187 2067 1227 2130 L.
1244 2065 1310 2130 Vis.

192 2159 284 2224 Reoo.
313 2158 388 2239 ΙΙΙ,
410 2163 484 2238 1,1,
515 2156 697 2237 sustulerat,
728 2161 862 2235 utraque
891 2154 1020 2219 natione
1049 2154 1086 2219 in
1113 2175 1213 2219 unam
1243 2175 1311 2220 oon-

193 2252 345 2312 oresoente
367 2245 451 2309 iuris
474 2251 503 2309 et
525 2245 627 2325 tepum
650 2242 817 2307 diuersitas
839 2242 928 2307 nond
950 2242 998 2307 ita
1021 2243 1077 2308 diu
1093 2242 1199 2325 potnit
1220 2242 1312 2307 susti-

193 2333 274 2399 ueri.
332 2334 446 2414 Itaque
480 2331 727 2398 Reooessoindus
763 2352 821 2396 rea
860 2330 1094 2397 Onindasoindi
1120 2331 1242 2414 patris,
1277 2338 1313 2395 ut

193 2422 326 2504 uidetur,
350 2422 541 2486 uoluntatem
556 2419 730 2503 perliniens
752 2441 852 2485 unum
874 2420 925 2484 ius
946 2419 1071 2502 000000
1094 2420 1220 2485 nationi
1243 2441 1311 2486 eon·

192 2511 302 2593 stituit,
332 2531 432 2575 unum
462 2511 563 2592 tepum
595 2509 711 2574 librum
741 2511 848 2591 edens,
880 2508 970 2575 ouius
999 2510 1081 2592 depes
1111 2508 1161 2574 ‘in
1191 2508 1312 2575 eunetis

185 2599 336 2683 personis
364 2620 403 2665 00
427 2598 573 2681 pentibus
598 2598 731 2680 imperio
753 2619 810 2662 suo
832 2597 1008 2679 snbiupatis
1029 2598 1143 2662 uatere’
1167 2597 1310 2678 decrerit,

193 2689 246 2770 ΙΙ,
272 2696 300 2770 1,
322 2693 351 2770 4,
387 2687 488 2752 alium
521 2687 638 2752 tibrum
672 2687 774 2769 lepum
807 2685 844 2750 in
877 2685 996 2751 indicio
1024 2685 1172 2769 proferri
1204 2685 1310 2766 uetuit,

193 2778 246 2859 ΙΙ,
266 2783 294 2859 1,
312 2783 341 2859 9,
365 2776 417 2842 000
439 2777 622 2841 Romanum
643 2775 779 2857 sustulit,
804 2775 857 2857 ΙΙ,
877 2781 905 2857 1,
923 2783 953 2840 0.

304 2865 366 2947 Qui
389 2865 467 2930 tiber
491 2866 592 2946 tepum
607 2863 829 2930 Reooessoindi
851 2863 942 2929 nobis
965 2863 1102 2929 traditus
1125 2871 1170 2930 est
1193 2865 1312 2928 duobos

192 2953 350 3020 oodioibus
371 2952 606 3035 manusoriptis.
654 2954 737 3018 Sunt
759 2959 863 3017 autem
885 2952 938 3017 hi:

299 3042 331 3106 R
347 3049 374 3105 l.
403 3042 508 3107 Ooden
527 3041 752 3106 Vaticanus
768 3041 882 3123 Repin.
895 3046 980 3105 1024
997 3037 1049 3120 (in
1057 3040 1185 3123 popina
1198 3039 1313 3104 ultima

192 3135 278 3193 udus
293 3150 444 3194 numerus
459 3135 544 3193 9211
562 3129 701 3212 tepitur),
718 3150 799 3194 saeo.
815 3129 918 3211 VIII,
937 3131 981 3212 4⁰,
999 3135 1120 3195 constat
1134 3128 1224 3208 foliis
1238 3134 1311 3192 130.

198 3215 344 3282 Continet
365 3216 455 3296 foliis
469 3215 621 3280 1—138‘.
644 3214 789 3281 ‘librum
803 3216 1004 3282 iudiciorum’
1022 3216 1088 3282 sine
1103 3219 1219 3299 Lepem
1231 3215 1312 3280 Visi-

191 3304 365 3387 potttorum.
412 3304 484 3368 Foi.
504 3303 588 3367 112’.
613 3303 649 3368 00
671 3303 816 3385 marpine
838 3310 931 3369 notae
956 3303 1153 3369 Tironianae
1176 3309 1311 3369 exstant.

195 3394 376 3475 Sequuntur
398 3393 454 3473 fot.
474 3391 558 3456 138‘.
583 3394 690 3457 eodem
713 3413 821 3474 manu,
852 3412 916 3473 qua
940 3393 990 3457 len
1011 3391 1130 3473 scripta
1153 3399 1206 3473 est,
1231 3394 1313 3457 duae

193 3483 274 3565 lepos
302 3481 339 3547 00
367 3481 436 3564 ipso
466 3487 551 3546 teuta
581 3480 731 3546 omissae:
760 3482 832 3546 Lex
862 3482 930 3546 ista
960 3483 1003 3547 de
1030 3481 1120 3546 libro
1150 3482 1311 3559 secundo,

191 3572 298 3637 titulo
321 3572 442 3656 primo,
471 3591 529 3636 era
551 3571 627 3635 XV.
674 3571 746 3635 Lex
774 3571 843 3635 ista
869 3571 912 3636 de
935 3571 1025 3636 libro
1047 3570 1109 3649 VI,
1140 3569 1311 3648 0100100,

192 3681 252 3726 era
279 3661 323 3724 X.
371 3658 521 3740 Sequitur
551 3660 660 3724 eadem
686 3658 814 3742 popina
847 3658 978 3724 initium
1010 3657 1166 3724 sermonis
1201 3657 1313 3724 Sancti

191 3747 368 3831 Anpustini
397 3749 434 3813 de
461 3768 540 3813 oena
561 3747 697 3812 Domini
725 3748 808 3812 maie
836 3753 1011 3829 enaratum,
1042 3753 1117 3814 tuno
1144 3743 1312 3827 000130.

191 3857 300 3918 manu,
331 3856 411 3917 quae
441 3836 538 3918 tepem
564 3835 700 3918 sempsit,
731 3842 866 3901 enarata
888 3835 986 3900 series
1008 3856 1117 3918 repum
1140 3834 1312 3917 Visipotno-

191 3946 265 3989 rum
286 3945 383 4006 usque
405 3927 450 3989 ad
476 3922 771 4006 Chindasoindum;
798 3924 840 4004 of.
864 3923 957 4004 intra
974 3945 1010 4005 p.
1031 3930 1095 3988 314
1115 3943 1181 4006 sqq.
1233 3922 1313 3989 Cum

191 4013 332 4095 reliquas
355 4012 500 4079 lectiones
522 4012 617 4077 tonius
640 4011 756 4079 oodiois
778 4033 885 4078 omnes
909 4012 946 4078 in
968 4011 1103 4078 editione
1126 4011 1310 4092 notaverim,

191 4108 315 4167 tontum
348 4122 426 4183 opus
458 4107 516 4182 est,
551 4107 587 4165 ut
619 4121 728 4184 repam
762 4100 998 4167 Otindasuindi
1031 4107 1060 4165 et
1089 4098 1313 4167 Reooessoindi

192 4190 365 4272 nominum,
396 4209 476 4271 quae
505 4189 542 4254 in
571 4188 707 4255 editione
734 4209 855 4272 semper
876 4210 941 4254 uno
964 4191 1128 4272 eodemque
1149 4191 1240 4254 modo
1263 4207 1312 4254 en·

193 4365 220 4431 1)
239 4363 283 4429 Cf.
301 4364 334 4416 F.
352 4363 444 4430 Dahn,
466 4363 591 4430 ‘Kdm'po'
606 4362 650 4415 VI
654 4362 672 4432 ²,
687 4379 718 4430 p.
736 4365 773 4419 80
784 4379 823 4431 eq.
