3000 4934
381 372 460 431 mlx
478 371 593 430 VISIG.
611 370 881 429 REOOESSVIND.
917 371 1103 441 ΠΙ,6,1.2.
1255 377 1307 431 117

625 548 649 605 1.
679 547 865 618 ANTIQUA.

188 645 232 708 Si
254 644 412 708 mulier
433 643 519 708 viri
545 644 612 706 sui
634 644 752 707 iuste
774 643 844 707 vel
871 643 1039 707 iniuste
1067 644 1307 708 divortium

641 732 852 815 patiatur.

293 839 474 903 Mulierem
497 839 685 922 ingenuam
705 859 726 901 a
739 838 814 902 viro
831 857 892 901 suo
907 838 1170 922 reppudiatama
1190 839 1307 902 nullus

187 928 253 991 sibi
275 928 312 989 in
336 920 516 1010 coniugiob
544 926 719 990 adsociare
742 929 927 1010 presumat,
958 927 1026 989 nisi
1056 928 1117 989 aut
1147 927 1303 1011 scriptis⁰

188 1019 248 1079 aut
278 1037 391 1080 coram
420 1016 569 1080 testibus
600 1015 786 1078 divortium
821 1015 912 1079 inter
942 1034 999 1080 eos
1033 1015 1140 1078 fuisse
1174 1015 1308 1080 factum

187 1105 364 1169 evidenter
393 1107 568 1187 agnoscat.
615 1102 716 1182 Quod
744 1103 773 1166 si
801 1103 903 1167 aliter
932 1104 1046 1167 facere
1077 1099 1304 1186 quicumque‘l

187 1193 417 1277 presumserit,
449 1213 528 1255 mox
558 1211 671 1255 comes
702 1192 860 1255 civitatis·
874 1192 930 1255 vel
952 1192 1100 1255 vicarius
1129 1195 1190 1254 aut
1213 1192 1308 1256 terri·

186 1281 268 1344 torii
290 1281 395 1344 iudex
416 1280 488 1343 tale
511 1280 610 1344 nefas
635 1280 841 1343 conmissum
871 1280 1059 1362 agnoverit,
1092 1281 1121 1343 si
1150 1280 1303 1344 nobiles⁰

187 1369 319 1432 fuerint
353 1369 500 1432 fortasse
534 1387 692 1451 persone,
729 1388 814 1450 quos
848 1368 952 1432 iudex
987 1367 1193 1451 distringere
1224 1362 1305 1430 autf

189 1477 346 1541 separare
384 1477 454 1520 non
490 1457 612 1541 possit,
652 1457 779 1521 nostris
813 1456 877 1519 idg
914 1456 1090 1520 auditibus
1126 1457 1309 1521 confestim

188 1545 365 1630 publicare
394 1565 465 1608 non
496 1545 644 1622 differat,
676 1548 717 1608 ut
740 1545 958 1610 severitatem
982 1545 1078 1628 legis,
1110 1566 1213 1628 quam
1243 1567 1309 1610 me-

186 1636 317 1711 rentur,
353 1634 536 1717 excipiant.
590 1633 681 1697 Nam
711 1634 739 1697 si
769 1634 910 1698 minoris
940 1634 1009 1698 loci
1038 1654 1182 1718 persone
1217 1637 1307 1711 sunt,

187 1723 290 1786 iudex
320 1741 377 1786 eos
408 1723 573 1786 continuo
603 1742 762 1806 separare
792 1742 1008 1806 nequaquam
1032 1716 1227 1800 moreturh;
1258 1724 1310 1786 ita

186 1814 322 1875 uttam
346 1810 478 1887 mulier,
503 1831 569 1894 que
593 1831 628 1875 se
652 1804 797 1875 halteri¹
821 1814 919 1875 extra
940 1811 1169 1875 volumtatem
1192 1811 1309 1874 mariti

187 1899 310 1984 prioris
338 1899 376 1962 in
406 1900 605 1983 coniugium
635 1893 848 1983 copulavitk,
880 1920 981 1982 quam
1014 1900 1119 1964 etiam
1148 1899 1218 1976 ille,
1250 1900 1309 1981 qui

188 2009 262 2052 eam
286 1987 352 2051 sibi
375 1988 554 2052 adsumere
577 2008 718 2052 uxorem
742 1983 961 2071 presumsit¹,
985 1988 1022 2050 in
1046 1989 1219 2070 potestate
1241 1990 1308 2051 tra·

188 2078 316 2140 dantur
339 2077 521 2140 anterioris
544 2076 671 2152 mariti,
702 2078 743 2137 ut
771 2076 863 2157 quod
888 2075 930 2140 de
954 2076 1035 2139 eism
1057 2075 1173 2139 facere
1195 2075 1308 2140 volue-

186 2166 234 2228 rit
257 2164 311 2227 sui
333 2164 379 2226 sit
398 2165 642 2228 incunctanter
658 2163 793 2227 arbitrii
803 2162 824 2224 ¹.
872 2163 909 2226 Si
931 2166 1049 2227 tamen
1065 2183 1200 2227 causam
1218 2163 1310 2228 inter

187 2253 337 2336 priorem
352 2251 516 2314 maritum
539 2254 575 2316 et
597 2272 738 2316 uxorem
761 2252 875 2315 adhuc
897 2251 1056 2315 inaudita
1071 2271 1209 2316 manere
1233 2273 1308 2317 con·

189 2340 331 2416 stiterit,
368 2342 429 2403 aut
464 2341 493 2403 si
526 2339 682 2404 hisdem¹¹
715 2340 860 2403 maritus
894 2341 997 2404 alteri
1031 2359 1066 2405 se
1100 2341 1238 2405 mulieri
1271 2342 1308 2404 in

188 2428 428 2493 matrimonio⁰
461 2435 556 2493 n0n1³
591 2429 842 2506 coniuncxerit,
874 2432 966 2493 certe
997 2429 1026 2492 si
1055 2429 1200 2493 maritus
1229 2450 1308 2493 uxo·

186 2539 259 2583 rem
275 2517 403 2581 iniuste
418 2517 606 2601 reliquerit,
632 2520 667 2582 et
683 2518 904 2582 donationem
924 2518 1015 2582 dotis
1031 2519 1180 2596 amittat,
1205 2538 1308 2601 quam

188 2608 219 2672 ei
242 2605 447 2685 contulerat,
472 2607 584 2671 eidem
607 2607 744 2671 mulieri
767 2606 996 2690 proculdubio
1019 2607 1247 2691 profuturam,
1273 2609 1308 2672 et

188 2696 229 2760 de
252 2694 354 2761 rebus
378 2695 531 2760 eiusdem
554 2695 708 2760 mulieris
730 2696 820 2759 nihil
843 2716 879 2760 se
902 2696 1104 2759 habiturum
1120 2701 1215 2760 esseg
1234 2716 1308 2780 cog·

186 2787 316 2849 noscat.
364 2784 432 2848 Sed
455 2784 624 2867 quidquid
647 2784 752 2848 etiam
783 2785 825 2848 de
848 2784 1053 2848 facultatem
1077 2783 1230 2848 mulieris
1252 2784 1309 2849 vel

187 2873 353 2938 alienasse
387 2873 444 2937 vel
479 2872 702 2937 defraudasse
738 2873 936 2949 dinoscitur,
973 2873 1018 2936 ad
1051 2873 1227 2956 integrum
1262 2873 1308 2936 di-

182 2960 379 3045 stringente
401 2961 516 3025 iudice
540 2960 677 3024 mulieri
699 2961 872 3025 restituat.
920 2959 1021 3040 Quod
1045 2962 1074 3023 si
1097 2961 1222 3025 mulier
1245 2961 1307 3024 sub

187 3053 283 3113 metu
316 3050 382 3113 viri
416 3049 619 3124 consistens,
656 3068 871 3130 quocumque
906 3051 1111 3132 argumento
1146 3069 1309 3132 persuasa

187 3139 257 3202 sive
288 3138 443 3221 decepta,
474 3136 646 3217 aliquamq
674 3137 717 3199 de
747 3137 817 3198 suis
847 3135 950 3200 rebus
979 3137 1016 3198 in
1045 3137 1184 3202 nomine
1213 3136 1308 3199 illius

185 3226 260 3302 viri,
292 3225 352 3307 qui
375 3244 451 3288 eam
473 3223 632 3305 reliquid,
664 3223 891 3306 scripturamr
919 3225 1170 3308 conscripserit,
1195 3223 1308 3287 huius-

187 3314 281 3377 modi
315 3313 486 3396 scriptura
518 3311 652 3374 nullam
687 3311 883 3375 omnimodo
917 3311 1117 3376 firmitatem
1154 3312 1306 3388 habebit,

86 3479 90 3485 ,
187 3404 246 3467 sed
269 3401 439 3479 universa,
464 3420 530 3484 que
554 3420 615 3484 per
631 3400 776 3464 eandem
792 3401 997 3484 scripturam
1014 3400 1139 3464 mulier
1155 3400 1307 3478 dederat,

186 3492 254 3555 iuri
277 3512 339 3554 suo
362 3489 561 3575 perenniter
583 3489 785 3553 vindicabit.

407 3643 448 3701 H.
478 3641 647 3698 FLAVIUS
666 3641 979 3699 OHINDASVINDUS
997 3641 1087 3701 REX.

323 3738 384 3804 Ne
413 3740 532 3804 inter
562 3737 771 3821 coniuges
803 3737 1042 3803 divortium
1072 3737 1169 3802 fiat.

294 3845 331 3909 si
360 3844 509 3910 alienam
537 3845 718 3928 coniugem
741 3844 871 3909 violare
899 3864 953 3909 res
977 3845 1051 3909 sine
1074 3845 1215 3909 crimine
1238 3866 1308 3907 non

294 4000 311 4041 1.
352 4001 374 4047 a)
389 3995 509 4048 repudiat·
522 3997 568 4042 ΒΞ.
629 3997 652 4046 1))
667 3997 795 4049 coniugium
809 3998 856 4041 Μ.
917 3999 937 4047 c)
951 3999 983 4038 ita
997 3998 1043 4042 121.
1058 3999 1108 4050 E13
1131 3998 1248 4048 scripturis
1262 3999 1309 4042 132.

186 4051 210 4102 d)
224 4053 275 4102 qula
289 4053 338 4095 Br.
418 4054 440 4100 a)
454 4051 535 4091 nobilis
549 4051 680 4094 mentm.
760 4052 954 4101 nautreparare
971 4053 1075 4096 dcaBl.
1156 4053 1178 4102 g)
1192 4051 1308 4093 deestRI.

187 4108 210 4155 h)
224 4110 340 4146 morentur
354 4106 400 4147 131.
482 4105 498 4152 l)
516 4101 614 4145 adulteri
633 4105 679 4147 Βῆ.
760 4104 785 4153 k)
802 4105 917 4154 copulabit
935 4105 982 4145 122.
1066 4105 1083 4153 l)
1101 4105 1308 4155 pronumtiatum,

186 4159 266 4209 mlhis
281 4158 327 4202 rr.
395 4158 419 4207 n)
433 4155 505 4197 ladem
518 4157 566 4201 132.
625 4159 648 4206 o)
662 4157 828 4211 matrlmonlum
844 4157 890 4201 Bt.
950 4161 974 4208 p)
988 4169 1012 4199 se
1026 4159 1072 4201 121.
1134 4157 1308 4208 maliqnaBI.

186 4214 206 4260 r)
220 4212 332 4261 scriptun
346 4212 392 4255 131.

188 4334 214 4400 1)
232 4334 273 4399 Of.
292 4351 378 4404 cupra
396 4334 451 4402 III,
470 4337 496 4400 2,
511 4335 536 4390 6.
