<?xml version="1.0" encoding="UTF-8"?>
<!DOCTYPE html PUBLIC "-//W3C//DTD XHTML 1.0 Transitional//EN"
    "http://www.w3.org/TR/xhtml1/DTD/xhtml1-transitional.dtd">
<html xmlns="http://www.w3.org/1999/xhtml" xml:lang="en" lang="en">
 <head>
  <title>
</title>
<meta http-equiv="Content-Type" content="text/html;charset=utf-8" />
  <meta name='ocr-system' content='tesseract 3.04.00' />
  <meta name='ocr-capabilities' content='ocr_page ocr_carea ocr_par ocr_line ocrx_word'/>
</head>
<body>
  <div class='ocr_page' id='page_1' title='image "./fontesiurisgerm01unkngoog_0415.png"; bbox 0 0 3000 4934; ppageno 0'>
   <div class='ocr_carea' id='block_1_1' title="bbox 183 400 236 454">
    <p class='ocr_par' dir='ltr' id='par_1_1' title="bbox 183 400 236 454">
     <span class='ocr_line' id='line_1_1' title="bbox 183 400 236 454; baseline 0 0"><span class='ocrx_word' id='word_1_1' title='bbox 183 400 236 454; x_wconf 88' lang='grc'><strong>372</strong></span> 
     </span>
    </p>
   </div>
   <div class='ocr_carea' id='block_1_2' title="bbox 219 574 724 642">
    <p class='ocr_par' dir='ltr' id='par_1_2' title="bbox 219 574 724 642">
     <span class='ocr_line' id='line_1_2' title="bbox 219 574 724 642; baseline -0.006 -14"><span class='ocrx_word' id='word_1_2' title='bbox 219 575 290 642; x_wconf 88' lang='lat' dir='ltr'><strong>data,</strong></span> <span class='ocrx_word' id='word_1_3' title='bbox 316 574 417 628; x_wconf 87' lang='lat' dir='ltr'><strong>donata</strong></span> <span class='ocrx_word' id='word_1_4' title='bbox 443 577 569 639; x_wconf 82' lang='lat'>14.141;</span> <span class='ocrx_word' id='word_1_5' title='bbox 597 576 724 642; x_wconf 84' lang='lat' dir='ltr'><strong>parentes</strong></span> 
     </span>
    </p>
   </div>
   <div class='ocr_carea' id='block_1_3' title="bbox 115 645 725 714">
    <p class='ocr_par' dir='ltr' id='par_1_3' title="bbox 115 645 725 714">
     <span class='ocr_line' id='line_1_3' title="bbox 115 645 725 714; baseline -0.008 -14"><span class='ocrx_word' id='word_1_6' title='bbox 115 701 118 711; x_wconf 63' lang='grc'>,</span> <span class='ocrx_word' id='word_1_7' title='bbox 220 645 302 699; x_wconf 92' lang='lat' dir='ltr'><strong>occisi</strong></span> <span class='ocrx_word' id='word_1_8' title='bbox 319 645 363 698; x_wconf 90' lang='lat' dir='ltr'><strong>vel</strong></span> <span class='ocrx_word' id='word_1_9' title='bbox 379 645 526 714; x_wconf 90' lang='lat' dir='ltr'><strong>propinqui</strong></span> <span class='ocrx_word' id='word_1_10' title='bbox 543 648 609 712; x_wconf 76' lang='lat'><strong>2013</strong></span> <span class='ocrx_word' id='word_1_11' title='bbox 627 661 725 712; x_wconf 91' lang='lat' dir='ltr'><strong>paran-</strong></span> 
     </span>
    </p>
   </div>
   <div class='ocr_carea' id='block_1_4' title="bbox 219 716 727 1352">
    <p class='ocr_par' dir='ltr' id='par_1_4' title="bbox 219 716 727 1352">
     <span class='ocr_line' id='line_1_4' title="bbox 219 716 725 786; baseline -0.002 -17"><span class='ocrx_word' id='word_1_12' title='bbox 219 720 261 771; x_wconf 88' lang='lat' dir='ltr'><strong>tes</strong></span> <span class='ocrx_word' id='word_1_13' title='bbox 278 717 395 786; x_wconf 86' lang='lat' dir='ltr'><strong>pastoris</strong></span> <span class='ocrx_word' id='word_1_14' title='bbox 416 719 476 773; x_wconf 88' lang='grc'>255.</span> <span class='ocrx_word' id='word_1_15' title='bbox 513 717 549 768; x_wconf 85' lang='lat' dir='ltr'><strong>In</strong></span> <span class='ocrx_word' id='word_1_16' title='bbox 566 716 725 783; x_wconf 72' lang='lat' dir='ltr'><strong>quibasdam</strong></span> 
     </span>
     <span class='ocr_line' id='line_1_5' title="bbox 220 789 726 855; baseline -0.002 -16"><span class='ocrx_word' id='word_1_17' title='bbox 220 790 283 841; x_wconf 80' lang='lat' dir='ltr'><strong>locis</strong></span> <span class='ocrx_word' id='word_1_18' title='bbox 300 805 387 855; x_wconf 75' lang='lat' dir='ltr'><strong>supra</strong></span> <span class='ocrx_word' id='word_1_19' title='bbox 402 790 502 840; x_wconf 80' lang='lat' dir='ltr'><strong>notatis</strong></span> <span class='ocrx_word' id='word_1_20' title='bbox 513 789 631 852; x_wconf 71' lang='lat' dir='ltr'><strong>fortem</strong></span> <span class='ocrx_word' id='word_1_21' title='bbox 644 802 726 854; x_wconf 70' lang='lat' dir='ltr'><strong>prue-</strong></span> 
     </span>
     <span class='ocr_line' id='line_1_6' title="bbox 219 860 727 925; baseline 0 -15"><span class='ocrx_word' id='word_1_22' title='bbox 219 866 259 911; x_wconf 81' lang='lat' dir='ltr'><strong>ter</strong></span> <span class='ocrx_word' id='word_1_23' title='bbox 270 862 402 925; x_wconf 72' lang='lat' dir='ltr'><strong>punitores</strong></span> <span class='ocrx_word' id='word_1_24' title='bbox 414 861 495 910; x_wconf 78' lang='lat' dir='ltr'><strong>etiam</strong></span> <span class='ocrx_word' id='word_1_25' title='bbox 506 860 607 924; x_wconf 75' lang='lat' dir='ltr'><strong><em>reliqui</em></strong></span> <span class='ocrx_word' id='word_1_26' title='bbox 618 860 727 924; x_wconf 74' lang='lat' dir='ltr'><strong>priores</strong></span> 
     </span>
     <span class='ocr_line' id='line_1_7' title="bbox 219 929 725 996; baseline -0.004 -14"><span class='ocrx_word' id='word_1_27' title='bbox 219 937 242 983; x_wconf 80' lang='lat' dir='ltr'><strong>et</strong></span> <span class='ocrx_word' id='word_1_28' title='bbox 260 931 449 996; x_wconf 74' lang='lat' dir='ltr'><strong>consanyuines&#39;</strong></span> <span class='ocrx_word' id='word_1_29' title='bbox 472 929 638 995; x_wconf 72' lang='lat' dir='ltr'><strong>intellipmdi</strong></span> <span class='ocrx_word' id='word_1_30' title='bbox 654 935 725 994; x_wconf 81' lang='lat' dir='ltr'><strong>aunt,</strong></span> 
     </span>
     <span class='ocr_line' id='line_1_8' title="bbox 219 1000 725 1067; baseline 0 -16"><span class='ocrx_word' id='word_1_31' title='bbox 219 1001 394 1053; x_wconf 63' lang='lat' dir='ltr'><strong>ommmils&#39;us</strong></span> <span class='ocrx_word' id='word_1_32' title='bbox 411 1005 499 1052; x_wconf 79' lang='lat' dir='ltr'><strong>cutem</strong></span> <span class='ocrx_word' id='word_1_33' title='bbox 511 1000 555 1052; x_wconf 82' lang='lat' dir='ltr'><strong>ln&#39;s</strong></span> <span class='ocrx_word' id='word_1_34' title='bbox 567 1000 645 1052; x_wconf 81' lang='lat' dir='ltr'><strong>locis:</strong></span> <span class='ocrx_word' id='word_1_35' title='bbox 662 1014 725 1067; x_wconf 89' lang='lat' dir='ltr'><strong>pro·</strong></span> 
     </span>
     <span class='ocr_line' id='line_1_9' title="bbox 219 1069 727 1139; baseline 0 -17"><span class='ocrx_word' id='word_1_36' title='bbox 219 1070 314 1139; x_wconf 91' lang='lat' dir='ltr'><strong>pinqui</strong></span> <span class='ocrx_word' id='word_1_37' title='bbox 331 1070 375 1124; x_wconf 87' lang='lat' dir='ltr'><strong>vel</strong></span> <span class='ocrx_word' id='word_1_38' title='bbox 392 1073 520 1139; x_wconf 79' lang='lat' dir='ltr'><strong>parantes</strong></span> <span class='ocrx_word' id='word_1_39' title='bbox 537 1073 601 1138; x_wconf 87' lang='grc'>127;</span> <span class='ocrx_word' id='word_1_40' title='bbox 619 1069 727 1138; x_wconf 79' lang='lat' dir='ltr'><strong>parvuli</strong></span> 
     </span>
     <span class='ocr_line' id='line_1_10' title="bbox 220 1139 726 1211; baseline -0.002 -17"><span class='ocrx_word' id='word_1_41' title='bbox 220 1144 347 1211; x_wconf 86' lang='lat' dir='ltr'><strong>parentes</strong></span> <span class='ocrx_word' id='word_1_42' title='bbox 376 1144 440 1210; x_wconf 79' lang='lat'><strong>1313</strong></span> <span class='ocrx_word' id='word_1_43' title='bbox 468 1144 595 1210; x_wconf 81' lang='lat' dir='ltr'><strong>parentes</strong></span> <span class='ocrx_word' id='word_1_44' title='bbox 622 1139 726 1209; x_wconf 84' lang='lat' dir='ltr'><strong>fingere</strong></span> 
     </span>
     <span class='ocr_line' id='line_1_11' title="bbox 219 1212 726 1281; baseline -0.01 -12"><span class='ocrx_word' id='word_1_45' title='bbox 219 1215 285 1280; x_wconf 77' lang='lat'><strong>2213</strong></span> <span class='ocrx_word' id='word_1_46' title='bbox 312 1212 412 1265; x_wconf 87' lang='lat' dir='ltr'><strong>mulier</strong></span> <span class='ocrx_word' id='word_1_47' title='bbox 435 1212 594 1281; x_wconf 83' lang='lat' dir='ltr'><strong>parantibus</strong></span> <span class='ocrx_word' id='word_1_48' title='bbox 619 1212 726 1280; x_wconf 87' lang='lat' dir='ltr'><strong>inpote-</strong></span> 
     </span>
     <span class='ocr_line' id='line_1_12' title="bbox 221 1283 726 1352; baseline -0.004 -16"><span class='ocrx_word' id='word_1_49' title='bbox 221 1286 291 1336; x_wconf 88' lang='lat' dir='ltr'><strong>state</strong></span> <span class='ocrx_word' id='word_1_50' title='bbox 317 1283 419 1336; x_wconf 66' lang='lat' dir='ltr'><strong>maditt</strong></span> <span class='ocrx_word' id='word_1_51' title='bbox 454 1287 503 1352; x_wconf 84' lang='lat'><strong>95;</strong></span> <span class='ocrx_word' id='word_1_52' title='bbox 531 1283 649 1351; x_wconf 85' lang='lat' dir='ltr'>proximi</span> <span class='ocrx_word' id='word_1_53' title='bbox 679 1300 726 1351; x_wconf 93' lang='lat' dir='ltr'><strong>pa·</strong></span> 
     </span>
    </p>
   </div>
   <div class='ocr_carea' id='block_1_5' title="bbox 402 390 1085 451">
    <p class='ocr_par' dir='ltr' id='par_1_5' title="bbox 402 390 1085 451">
     <span class='ocr_line' id='line_1_13' title="bbox 402 390 1085 451; baseline -0.001 0"><span class='ocrx_word' id='word_1_54' title='bbox 402 393 459 451; x_wconf 85' lang='grc' dir='ltr'><strong>ΠΙ.</strong></span> <span class='ocrx_word' id='word_1_55' title='bbox 494 392 617 450; x_wconf 81' lang='lat' dir='ltr'><strong>mnux</strong></span> <span class='ocrx_word' id='word_1_56' title='bbox 634 390 774 451; x_wconf 75' lang='lat' dir='ltr'><strong>RERUM</strong></span> <span class='ocrx_word' id='word_1_57' title='bbox 791 392 841 450; x_wconf 75' lang='grc' dir='ltr'><strong>ΕΤ</strong></span> <span class='ocrx_word' id='word_1_58' title='bbox 860 390 1085 451; x_wconf 75' lang='lat' dir='ltr'>VRRBORUM.</span> 
     </span>
    </p>
   </div>
   <div class='ocr_carea' id='block_1_6' title="bbox 796 571 1306 1339">
    <p class='ocr_par' dir='ltr' id='par_1_6' title="bbox 796 571 1306 1339">
     <span class='ocr_line' id='line_1_14' title="bbox 797 571 1306 641; baseline 0.002 -16"><span class='ocrx_word' id='word_1_59' title='bbox 797 571 850 626; x_wconf 81' lang='lat' dir='ltr'><strong>dex</strong></span> <span class='ocrx_word' id='word_1_60' title='bbox 868 573 1040 641; x_wconf 67' lang='lat' dir='ltr'><strong>presentibus</strong></span> <span class='ocrx_word' id='word_1_61' title='bbox 1057 572 1181 641; x_wconf 84' lang='lat' dir='ltr'><strong>partibus</strong></span> <span class='ocrx_word' id='word_1_62' title='bbox 1198 573 1253 626; x_wconf 93' lang='lat' dir='ltr'><strong>duo</strong></span> <span class='ocrx_word' id='word_1_63' title='bbox 1266 574 1306 627; x_wconf 91' lang='lat' dir='ltr'><strong>iu-</strong></span> 
     </span>
     <span class='ocr_line' id='line_1_15' title="bbox 796 642 1306 712; baseline 0.004 -16"><span class='ocrx_word' id='word_1_64' title='bbox 796 643 868 696; x_wconf 82' lang='lat' dir='ltr'><strong>dicis</strong></span> <span class='ocrx_word' id='word_1_65' title='bbox 883 642 1044 712; x_wconf 77' lang='lat' dir='ltr'><strong>conscribat,</strong></span> <span class='ocrx_word' id='word_1_66' title='bbox 1064 660 1117 712; x_wconf 91' lang='lat' dir='ltr'><strong>que</strong></span> <span class='ocrx_word' id='word_1_67' title='bbox 1132 644 1215 697; x_wconf 86' lang='lat' dir='ltr'><strong>simili</strong></span> <span class='ocrx_word' id='word_1_68' title='bbox 1228 649 1306 698; x_wconf 86' lang='lat' dir='ltr'><strong>textu</strong></span> 
     </span>
     <span class='ocr_line' id='line_1_16' title="bbox 797 714 1305 797; baseline 0.008 -30"><span class='ocrx_word' id='word_1_69' title='bbox 797 714 964 797; x_wconf 72' lang='lat' dir='ltr'><strong>litigantium</strong></span> <span class='ocrx_word' id='word_1_70' title='bbox 981 718 1073 783; x_wconf 88' lang='lat' dir='ltr'><strong>partes</strong></span> <span class='ocrx_word' id='word_1_71' title='bbox 1092 715 1231 784; x_wconf 75' lang='lat' dir='ltr'><strong>accipiant</strong></span> <span class='ocrx_word' id='word_1_72' title='bbox 1256 719 1305 783; x_wconf 74' lang='lat'><strong>533</strong></span> 
     </span>
     <span class='ocr_line' id='line_1_17' title="bbox 797 786 1306 856; baseline 0.002 -18"><span class='ocrx_word' id='word_1_73' title='bbox 797 789 957 854; x_wconf 75' lang='lat' dir='ltr'><strong>sumpturae,</strong></span> <span class='ocrx_word' id='word_1_74' title='bbox 970 802 1039 854; x_wconf 87' lang='lat' dir='ltr'><strong>quae</strong></span> <span class='ocrx_word' id='word_1_75' title='bbox 1049 786 1131 839; x_wconf 88' lang='lat' dir='ltr'><strong>simul</strong></span> <span class='ocrx_word' id='word_1_76' title='bbox 1140 786 1214 839; x_wconf 87' lang='lat' dir='ltr'><strong>tradi</strong></span> <span class='ocrx_word' id='word_1_77' title='bbox 1222 787 1306 856; x_wconf 77' lang='lat' dir='ltr'><strong>perti·</strong></span> 
     </span>
     <span class='ocr_line' id='line_1_18' title="bbox 798 856 1305 925; baseline 0 -15"><span class='ocrx_word' id='word_1_78' title='bbox 798 857 849 910; x_wconf 92' lang='lat' dir='ltr'><strong>bus</strong></span> <span class='ocrx_word' id='word_1_79' title='bbox 879 856 980 910; x_wconf 83' lang='lat' dir='ltr'><strong>debent</strong></span> <span class='ocrx_word' id='word_1_80' title='bbox 1012 860 1078 923; x_wconf 76' lang='lat'><strong>1643</strong></span> <span class='ocrx_word' id='word_1_81' title='bbox 1112 858 1241 925; x_wconf 86' lang='lat' dir='ltr'><strong>probatio</strong></span> <span class='ocrx_word' id='word_1_82' title='bbox 1272 858 1305 911; x_wconf 93' lang='lat' dir='ltr'><strong>ab</strong></span> 
     </span>
     <span class='ocr_line' id='line_1_19' title="bbox 798 928 1305 998; baseline 0.004 -18"><span class='ocrx_word' id='word_1_83' title='bbox 798 932 914 995; x_wconf 64' lang='lat' dir='ltr'><strong>unaque</strong></span> <span class='ocrx_word' id='word_1_84' title='bbox 931 931 1011 996; x_wconf 81' lang='lat' dir='ltr'><strong>parte</strong></span> <span class='ocrx_word' id='word_1_85' title='bbox 1029 928 1201 981; x_wconf 74' lang='lat' dir='ltr'><strong>caunntinm</strong></span> <span class='ocrx_word' id='word_1_86' title='bbox 1216 929 1305 998; x_wconf 84' lang='lat' dir='ltr'><strong>requi-</strong></span> 
     </span>
     <span class='ocr_line' id='line_1_20' title="bbox 797 998 1305 1068; baseline 0.002 -16"><span class='ocrx_word' id='word_1_87' title='bbox 797 998 885 1052; x_wconf 82' lang='lat' dir='ltr'><strong>renda</strong></span> <span class='ocrx_word' id='word_1_88' title='bbox 902 1002 950 1065; x_wconf 64' lang='grc'><strong>611</strong></span> <span class='ocrx_word' id='word_1_89' title='bbox 974 999 1084 1067; x_wconf 76' lang='lat' dir='ltr'><strong>placito,</strong></span> <span class='ocrx_word' id='word_1_90' title='bbox 1107 999 1225 1053; x_wconf 82' lang='lat' dir='ltr'><strong>nexibus</strong></span> <span class='ocrx_word' id='word_1_91' title='bbox 1247 1001 1305 1068; x_wconf 92' lang='lat' dir='ltr'><strong>pla·</strong></span> 
     </span>
     <span class='ocr_line' id='line_1_21' title="bbox 798 1067 1306 1140; baseline 0.004 -17"><span class='ocrx_word' id='word_1_92' title='bbox 798 1070 917 1123; x_wconf 86' lang='lat' dir='ltr'><strong>citorum</strong></span> <span class='ocrx_word' id='word_1_93' title='bbox 951 1067 1038 1140; x_wconf 82' lang='lat' dir='ltr'><strong>ligare</strong></span> <span class='ocrx_word' id='word_1_94' title='bbox 1073 1074 1178 1139; x_wconf 84' lang='lat' dir='ltr'><strong>partes,</strong></span> <span class='ocrx_word' id='word_1_95' title='bbox 1215 1074 1306 1139; x_wconf 80' lang='lat' dir='ltr'><strong>pestes</strong></span> 
     </span>
     <span class='ocr_line' id='line_1_22' title="bbox 799 1140 1305 1211; baseline 0.008 -16"><span class='ocrx_word' id='word_1_96' title='bbox 799 1140 969 1196; x_wconf 73' lang='lat' dir='ltr'><strong>causantium</strong></span> <span class='ocrx_word' id='word_1_97' title='bbox 994 1140 1158 1211; x_wconf 73' lang='lat' dir='ltr'><strong>distringere</strong></span> <span class='ocrx_word' id='word_1_98' title='bbox 1186 1145 1230 1198; x_wconf 85' lang='grc'><strong>53.</strong></span> <span class='ocrx_word' id='word_1_99' title='bbox 1257 1147 1305 1209; x_wconf 81' lang='grc' dir='ltr'><strong>3ος</strong></span> 
     </span>
     <span class='ocr_line' id='line_1_23' title="bbox 798 1212 1306 1282; baseline 0.002 -17"><span class='ocrx_word' id='word_1_100' title='bbox 798 1215 890 1280; x_wconf 85' lang='lat' dir='ltr'><strong>partes</strong></span> <span class='ocrx_word' id='word_1_101' title='bbox 908 1212 1066 1280; x_wconf 86' lang='lat' dir='ltr'><strong>conspectui</strong></span> <span class='ocrx_word' id='word_1_102' title='bbox 1089 1212 1223 1282; x_wconf 82' lang='lat' dir='ltr'><strong>principis</strong></span> <span class='ocrx_word' id='word_1_103' title='bbox 1246 1230 1306 1282; x_wconf 86' lang='lat' dir='ltr'><strong>pre·</strong></span> 
     </span>
     <span class='ocr_line' id='line_1_24' title="bbox 798 1285 967 1339; baseline 0.012 -4"><span class='ocrx_word' id='word_1_104' title='bbox 798 1286 906 1336; x_wconf 84' lang='lat' dir='ltr'><strong>eantare</strong></span> <span class='ocrx_word' id='word_1_105' title='bbox 923 1285 967 1339; x_wconf 79' lang='grc'><strong>43.</strong></span> 
     </span>
    </p>
   </div>
   <div class='ocr_carea' id='block_1_7' title="bbox 220 1353 1305 1507">
    <p class='ocr_par' dir='ltr' id='par_1_7' title="bbox 220 1353 1305 1507">
     <span class='ocr_line' id='line_1_25' title="bbox 220 1353 1115 1423; baseline -0.001 -16"><span class='ocrx_word' id='word_1_106' title='bbox 220 1359 311 1408; x_wconf 89' lang='lat' dir='ltr'><strong>rentes</strong></span> <span class='ocrx_word' id='word_1_107' title='bbox 337 1357 425 1407; x_wconf 81' lang='lat' dir='ltr'><strong>eodem</strong></span> <span class='ocrx_word' id='word_1_108' title='bbox 447 1356 642 1422; x_wconf 61' lang='lat' dir='ltr'><strong>aprificatione</strong></span> <span class='ocrx_word' id='word_1_109' title='bbox 666 1356 725 1409; x_wconf 82' lang='lat'>131.</span> <span class='ocrx_word' id='word_1_110' title='bbox 762 1354 910 1423; x_wconf 81' lang='lat' dir='ltr'><strong>participas</strong></span> <span class='ocrx_word' id='word_1_111' title='bbox 928 1353 1035 1407; x_wconf 81' lang='lat' dir='ltr'><strong>sceleris</strong></span> <span class='ocrx_word' id='word_1_112' title='bbox 1056 1357 1115 1410; x_wconf 79' lang='lat'>198.</span> 
     </span>
     <span class='ocr_line' id='line_1_26' title="bbox 222 1424 1305 1507; baseline -0.003 -26"><span class='ocrx_word' id='word_1_113' title='bbox 222 1429 281 1481; x_wconf 92' lang='grc'>177.</span> <span class='ocrx_word' id='word_1_114' title='bbox 302 1429 361 1482; x_wconf 86' lang='grc'>197.</span> <span class='ocrx_word' id='word_1_115' title='bbox 398 1427 472 1478; x_wconf 69' lang='lat' dir='ltr'><strong>Alco</strong></span> <span class='ocrx_word' id='word_1_116' title='bbox 489 1427 552 1479; x_wconf 77' lang='lat' dir='ltr'><strong>locis</strong></span> <span class='ocrx_word' id='word_1_117' title='bbox 569 1426 726 1490; x_wconf 63' lang='lat' dir='ltr'><strong>consensui·</strong></span> <span class='ocrx_word' id='word_1_118' title='bbox 762 1425 873 1493; x_wconf 80' lang='lat' dir='ltr'><strong>partiri:</strong></span> <span class='ocrx_word' id='word_1_119' title='bbox 896 1425 1016 1492; x_wconf 87' lang='lat' dir='ltr'><strong>pretium</strong></span> <span class='ocrx_word' id='word_1_120' title='bbox 1035 1440 1098 1477; x_wconf 89' lang='lat' dir='ltr'><strong>oum</strong></span> <span class='ocrx_word' id='word_1_121' title='bbox 1115 1424 1263 1478; x_wconf 86' lang='lat' dir='ltr'><strong>venditore</strong></span> <span class='ocrx_word' id='word_1_122' title='bbox 1279 1443 1305 1507; x_wconf 82' lang='lat' dir='ltr'><strong>P:</strong></span> 
     </span>
    </p>
   </div>
   <div class='ocr_carea' id='block_1_8' title="bbox 221 1498 728 1848">
    <p class='ocr_par' dir='ltr' id='par_1_8' title="bbox 221 1498 728 1848">
     <span class='ocr_line' id='line_1_27' title="bbox 221 1498 728 1564; baseline -0.004 -15"><span class='ocrx_word' id='word_1_123' title='bbox 221 1500 265 1550; x_wconf 81' lang='lat' dir='ltr'><strong>nai</strong></span> <span class='ocrx_word' id='word_1_124' title='bbox 282 1499 428 1564; x_wconf 66' lang='lat' dir='ltr'><strong>promptae</strong></span> <span class='ocrx_word' id='word_1_125' title='bbox 449 1499 600 1550; x_wconf 63' lang='lat' dir='ltr'><strong>remotioris</strong></span> <span class='ocrx_word' id='word_1_126' title='bbox 622 1498 728 1562; x_wconf 68' lang='lat' dir='ltr'><strong>praem</strong></span> 
     </span>
     <span class='ocr_line' id='line_1_28' title="bbox 221 1566 726 1635; baseline -0.006 -15"><span class='ocrx_word' id='word_1_127' title='bbox 221 1569 425 1633; x_wconf 59' lang='lat' dir='ltr'><strong>munificantur:</strong></span> <span class='ocrx_word' id='word_1_128' title='bbox 449 1570 525 1621; x_wconf 88' lang='lat' dir='ltr'><strong>tutor</strong></span> <span class='ocrx_word' id='word_1_129' title='bbox 543 1568 578 1620; x_wconf 93' lang='lat' dir='ltr'><strong>ab</strong></span> <span class='ocrx_word' id='word_1_130' title='bbox 597 1566 656 1619; x_wconf 91' lang='lat' dir='ltr'><strong>aliis</strong></span> <span class='ocrx_word' id='word_1_131' title='bbox 677 1572 726 1635; x_wconf 81' lang='lat' dir='ltr'><strong>p&#39;a-</strong></span> 
     </span>
     <span class='ocr_line' id='line_1_29' title="bbox 221 1637 727 1707; baseline -0.002 -17"><span class='ocrx_word' id='word_1_132' title='bbox 221 1637 342 1690; x_wconf 90' lang='lat' dir='ltr'><strong>rentibus</strong></span> <span class='ocrx_word' id='word_1_133' title='bbox 367 1638 483 1707; x_wconf 82' lang='lat' dir='ltr'><strong>eligatur</strong></span> <span class='ocrx_word' id='word_1_134' title='bbox 507 1641 574 1707; x_wconf 90' lang='grc'>135;</span> <span class='ocrx_word' id='word_1_135' title='bbox 599 1640 727 1706; x_wconf 88' lang='lat' dir='ltr'><strong>parentes</strong></span> 
     </span>
     <span class='ocr_line' id='line_1_30' title="bbox 221 1707 727 1778; baseline -0.002 -17"><span class='ocrx_word' id='word_1_136' title='bbox 221 1708 524 1778; x_wconf 72' lang='lat' dir='ltr'><strong>eiusdem&#39;cognstionis</strong></span> <span class='ocrx_word' id='word_1_137' title='bbox 537 1713 585 1777; x_wconf 88' lang='grc'><strong>78;</strong></span> <span class='ocrx_word' id='word_1_138' title='bbox 604 1707 661 1776; x_wconf 87' lang='lat' dir='ltr'><strong>filii,</strong></span> <span class='ocrx_word' id='word_1_139' title='bbox 680 1724 727 1761; x_wconf 87' lang='lat' dir='ltr'><strong>ne-</strong></span> 
     </span>
     <span class='ocr_line' id='line_1_31' title="bbox 221 1779 727 1848; baseline 0.002 -17"><span class='ocrx_word' id='word_1_140' title='bbox 221 1783 306 1848; x_wconf 88' lang='lat' dir='ltr'><strong>potas,</strong></span> <span class='ocrx_word' id='word_1_141' title='bbox 331 1781 505 1848; x_wconf 86' lang='lat' dir='ltr'><strong>pronepotes,</strong></span> <span class='ocrx_word' id='word_1_142' title='bbox 530 1779 576 1831; x_wconf 90' lang='lat' dir='ltr'><strong>alii</strong></span> <span class='ocrx_word' id='word_1_143' title='bbox 600 1782 727 1848; x_wconf 84' lang='lat' dir='ltr'><strong>parentes</strong></span> 
     </span>
    </p>
   </div>
   <div class='ocr_carea' id='block_1_9' title="bbox 799 1495 1307 1778">
    <p class='ocr_par' dir='ltr' id='par_1_9' title="bbox 799 1495 1307 1778">
     <span class='ocr_line' id='line_1_32' title="bbox 800 1495 1307 1564; baseline -0.006 -12"><span class='ocrx_word' id='word_1_144' title='bbox 800 1499 849 1562; x_wconf 75' lang='lat'><strong>103</strong></span> <span class='ocrx_word' id='word_1_145' title='bbox 887 1495 1037 1563; x_wconf 83' lang='lat' dir='ltr'><strong>aequaliter</strong></span> <span class='ocrx_word' id='word_1_146' title='bbox 1071 1496 1228 1564; x_wconf 81' lang='lat' dir='ltr'><strong>partiantur</strong></span> <span class='ocrx_word' id='word_1_147' title='bbox 1258 1496 1307 1548; x_wconf 76' lang='lat' dir='ltr'><strong>filii</strong></span> 
     </span>
     <span class='ocr_line' id='line_1_33' title="bbox 800 1566 1307 1636; baseline 0.002 -17"><span class='ocrx_word' id='word_1_148' title='bbox 800 1584 925 1621; x_wconf 89' lang='lat' dir='ltr'><strong>sororum</strong></span> <span class='ocrx_word' id='word_1_149' title='bbox 951 1566 1132 1620; x_wconf 87' lang='lat' dir='ltr'><strong>hereditatem</strong></span> <span class='ocrx_word' id='word_1_150' title='bbox 1163 1571 1229 1633; x_wconf 79' lang='lat'><strong>3173</strong></span> <span class='ocrx_word' id='word_1_151' title='bbox 1261 1567 1307 1636; x_wconf 89' lang='lat' dir='ltr'><strong>qui</strong></span> 
     </span>
     <span class='ocr_line' id='line_1_34' title="bbox 799 1637 1307 1708; baseline 0 -18"><span class='ocrx_word' id='word_1_152' title='bbox 799 1638 828 1690; x_wconf 90' lang='lat' dir='ltr'><strong>in</strong></span> <span class='ocrx_word' id='word_1_153' title='bbox 868 1654 924 1691; x_wconf 92' lang='lat' dir='ltr'><strong>uno</strong></span> <span class='ocrx_word' id='word_1_154' title='bbox 963 1637 1177 1707; x_wconf 79' lang='lat' dir='ltr'><strong>propinquitatis</strong></span> <span class='ocrx_word' id='word_1_155' title='bbox 1219 1639 1307 1708; x_wconf 57' lang='lat' dir='ltr'><strong>ffludu</strong></span> 
     </span>
     <span class='ocr_line' id='line_1_35' title="bbox 800 1709 1307 1778; baseline 0.002 -17"><span class='ocrx_word' id='word_1_156' title='bbox 800 1709 909 1776; x_wconf 87' lang='lat' dir='ltr'><strong>aquales</strong></span> <span class='ocrx_word' id='word_1_157' title='bbox 927 1712 990 1761; x_wconf 75' lang='lat' dir='ltr'><strong>stunt</strong></span> <span class='ocrx_word' id='word_1_158' title='bbox 1007 1709 1142 1776; x_wconf 82' lang='lat' dir='ltr'><strong>equaliter</strong></span> <span class='ocrx_word' id='word_1_159' title='bbox 1151 1710 1307 1778; x_wconf 86' lang='lat' dir='ltr'><strong>partientur</strong></span> 
     </span>
    </p>
   </div>
   <div class='ocr_carea' id='block_1_10' title="bbox 223 1849 1306 1919">
    <p class='ocr_par' dir='ltr' id='par_1_10' title="bbox 223 1849 1306 1919">
     <span class='ocr_line' id='line_1_36' title="bbox 223 1849 1306 1919; baseline -0.001 -13"><span class='ocrx_word' id='word_1_160' title='bbox 223 1854 272 1906; x_wconf 87' lang='lat'><strong>131</strong></span> <span class='ocrx_word' id='word_1_161' title='bbox 286 1865 339 1919; x_wconf 78' lang='lat' dir='ltr'><strong>sq.;</strong></span> <span class='ocrx_word' id='word_1_162' title='bbox 359 1852 473 1919; x_wconf 77' lang='lat' dir='ltr'><strong>cf.134;</strong></span> <span class='ocrx_word' id='word_1_163' title='bbox 491 1850 590 1904; x_wconf 77' lang='lat' dir='ltr'><strong>fratres</strong></span> <span class='ocrx_word' id='word_1_164' title='bbox 602 1849 647 1903; x_wconf 90' lang='lat' dir='ltr'><strong>vel</strong></span> <span class='ocrx_word' id='word_1_165' title='bbox 664 1866 727 1918; x_wconf 88' lang='lat' dir='ltr'><strong>pro·</strong></span> <span class='ocrx_word' id='word_1_166' title='bbox 763 1854 873 1919; x_wconf 88' lang='lat' dir='ltr'><strong>partus:</strong></span> <span class='ocrx_word' id='word_1_167' title='bbox 896 1853 1006 1919; x_wconf 89' lang='lat' dir='ltr'><strong>partum</strong></span> <span class='ocrx_word' id='word_1_168' title='bbox 1024 1854 1161 1918; x_wconf 84' lang='lat' dir='ltr'><strong>excutere,</strong></span> <span class='ocrx_word' id='word_1_169' title='bbox 1185 1851 1306 1906; x_wconf 81' lang='lat' dir='ltr'><strong>effudere</strong></span> 
     </span>
    </p>
   </div>
   <div class='ocr_carea' id='block_1_11' title="bbox 221 1921 728 2061">
    <p class='ocr_par' dir='ltr' id='par_1_11' title="bbox 221 1921 728 2061">
     <span class='ocr_line' id='line_1_37' title="bbox 221 1921 728 1990; baseline 0 -17"><span class='ocrx_word' id='word_1_170' title='bbox 221 1921 288 1974; x_wconf 83' lang='lat' dir='ltr'><strong>ximi</strong></span> <span class='ocrx_word' id='word_1_171' title='bbox 305 1925 432 1990; x_wconf 86' lang='lat' dir='ltr'><strong>parentes</strong></span> <span class='ocrx_word' id='word_1_172' title='bbox 458 1925 505 1990; x_wconf 81' lang='lat'><strong>913</strong></span> <span class='ocrx_word' id='word_1_173' title='bbox 532 1925 646 1990; x_wconf 87' lang='lat' dir='ltr'><strong>patruus</strong></span> <span class='ocrx_word' id='word_1_174' title='bbox 671 1921 728 1974; x_wconf 87' lang='lat' dir='ltr'><strong>sive</strong></span> 
     </span>
     <span class='ocr_line' id='line_1_38' title="bbox 221 1991 728 2061; baseline -0.002 -15"><span class='ocrx_word' id='word_1_175' title='bbox 221 1992 318 2046; x_wconf 86' lang='lat' dir='ltr'><strong>fratres</strong></span> <span class='ocrx_word' id='word_1_176' title='bbox 340 2009 402 2046; x_wconf 90' lang='lat' dir='ltr'><strong>cum</strong></span> <span class='ocrx_word' id='word_1_177' title='bbox 420 1992 551 2061; x_wconf 80' lang='lat' dir='ltr'><strong>proximis</strong></span> <span class='ocrx_word' id='word_1_178' title='bbox 569 1991 728 2061; x_wconf 86' lang='lat' dir='ltr'><strong>parentibus</strong></span> 
     </span>
    </p>
   </div>
   <div class='ocr_carea' id='block_1_12' title="bbox 800 1921 1305 2061">
    <p class='ocr_par' dir='ltr' id='par_1_12' title="bbox 800 1921 1305 2061">
     <span class='ocr_line' id='line_1_39' title="bbox 802 1921 1305 1990; baseline -0.006 -13"><span class='ocrx_word' id='word_1_179' title='bbox 802 1925 861 1978; x_wconf 87' lang='grc'>133.</span> <span class='ocrx_word' id='word_1_180' title='bbox 900 1925 966 1987; x_wconf 80' lang='grc'>134;</span> <span class='ocrx_word' id='word_1_181' title='bbox 1006 1921 1135 1990; x_wconf 87' lang='lat' dir='ltr'><strong>iumenti,</strong></span> <span class='ocrx_word' id='word_1_182' title='bbox 1173 1923 1305 1989; x_wconf 80' lang='lat' dir='ltr'><strong>animalis,</strong></span> 
     </span>
     <span class='ocr_line' id='line_1_40' title="bbox 800 1996 1226 2061; baseline 0.005 -15"><span class='ocrx_word' id='word_1_183' title='bbox 800 2009 888 2060; x_wconf 87' lang='lat' dir='ltr'><strong>equae</strong></span> <span class='ocrx_word' id='word_1_184' title='bbox 904 1996 1000 2061; x_wconf 80' lang='lat' dir='ltr'><strong>partus</strong></span> <span class='ocrx_word' id='word_1_185' title='bbox 1018 1997 1146 2046; x_wconf 77' lang='lat' dir='ltr'><strong>excutere</strong></span> <span class='ocrx_word' id='word_1_186' title='bbox 1164 1997 1226 2050; x_wconf 88' lang='grc'>245.</span> 
     </span>
    </p>
   </div>
   <div class='ocr_carea' id='block_1_13' title="bbox 221 2063 1305 2347">
    <p class='ocr_par' dir='ltr' id='par_1_13' title="bbox 221 2063 1305 2204">
     <span class='ocr_line' id='line_1_41' title="bbox 222 2063 1305 2133; baseline 0 -13"><span class='ocrx_word' id='word_1_187' title='bbox 222 2068 270 2132; x_wconf 89' lang='grc'><strong>92;</strong></span> <span class='ocrx_word' id='word_1_188' title='bbox 295 2065 376 2132; x_wconf 83' lang='lat' dir='ltr'><strong>patri,</strong></span> <span class='ocrx_word' id='word_1_189' title='bbox 399 2065 489 2132; x_wconf 87' lang='lat' dir='ltr'><strong>matri,</strong></span> <span class='ocrx_word' id='word_1_190' title='bbox 508 2063 646 2130; x_wconf 83' lang='lat' dir='ltr'><strong>fratribus,</strong></span> <span class='ocrx_word' id='word_1_191' title='bbox 664 2079 727 2133; x_wconf 90' lang='lat' dir='ltr'><strong>pro·</strong></span> <span class='ocrx_word' id='word_1_192' title='bbox 763 2064 894 2133; x_wconf 84' lang='lat' dir='ltr'><strong>parvulus</strong></span> <span class='ocrx_word' id='word_1_193' title='bbox 903 2066 967 2130; x_wconf 76' lang='lat'><strong>1303</strong></span> <span class='ocrx_word' id='word_1_194' title='bbox 979 2064 1087 2132; x_wconf 75' lang='lat' dir='ltr'><strong>parvuli</strong></span> <span class='ocrx_word' id='word_1_195' title='bbox 1099 2065 1237 2118; x_wconf 86' lang='lat' dir='ltr'><strong>hereditas</strong></span> <span class='ocrx_word' id='word_1_196' title='bbox 1248 2069 1305 2122; x_wconf 83' lang='lat'>181.</span> 
     </span>
     <span class='ocr_line' id='line_1_42' title="bbox 221 2134 1003 2204; baseline 0.003 -16"><span class='ocrx_word' id='word_1_197' title='bbox 221 2135 300 2188; x_wconf 86' lang='lat' dir='ltr'><strong>ximis</strong></span> <span class='ocrx_word' id='word_1_198' title='bbox 313 2135 470 2203; x_wconf 89' lang='lat' dir='ltr'><strong>parentibus</strong></span> <span class='ocrx_word' id='word_1_199' title='bbox 484 2139 552 2204; x_wconf 76' lang='lat'>2153</span> <span class='ocrx_word' id='word_1_200' title='bbox 572 2134 594 2188; x_wconf 88' lang='lat' dir='ltr'><strong>si</strong></span> <span class='ocrx_word' id='word_1_201' title='bbox 606 2151 657 2188; x_wconf 90' lang='lat' dir='ltr'><strong>nec</strong></span> <span class='ocrx_word' id='word_1_202' title='bbox 669 2134 727 2204; x_wconf 88' lang='lat' dir='ltr'><strong>filii,</strong></span> <span class='ocrx_word' id='word_1_203' title='bbox 764 2149 845 2204; x_wconf 84' lang='lat' dir='ltr'><strong>pasca</strong></span> <span class='ocrx_word' id='word_1_204' title='bbox 863 2138 923 2191; x_wconf 84' lang='lat'><strong>302.</strong></span> <span class='ocrx_word' id='word_1_205' title='bbox 942 2138 1003 2190; x_wconf 90' lang='grc'>312.</span> 
     </span>
    </p>

    <p class='ocr_par' dir='ltr' id='par_1_14' title="bbox 222 2205 1022 2276">
     <span class='ocr_line' id='line_1_43' title="bbox 222 2205 1022 2276; baseline 0.005 -18"><span class='ocrx_word' id='word_1_206' title='bbox 222 2223 272 2260; x_wconf 89' lang='lat' dir='ltr'><strong>nec</strong></span> <span class='ocrx_word' id='word_1_207' title='bbox 290 2211 412 2275; x_wconf 76' lang='lat' dir='ltr'><strong>nepotes,</strong></span> <span class='ocrx_word' id='word_1_208' title='bbox 430 2224 481 2260; x_wconf 89' lang='lat' dir='ltr'><strong>nec</strong></span> <span class='ocrx_word' id='word_1_209' title='bbox 493 2210 658 2275; x_wconf 84' lang='lat' dir='ltr'><strong>pronepotes</strong></span> <span class='ocrx_word' id='word_1_210' title='bbox 670 2205 728 2259; x_wconf 69' lang='lat' dir='ltr'><strong>tua·</strong></span> <span class='ocrx_word' id='word_1_211' title='bbox 763 2206 886 2276; x_wconf 88' lang='lat' dir='ltr'><strong>pascales</strong></span> <span class='ocrx_word' id='word_1_212' title='bbox 903 2205 962 2259; x_wconf 88' lang='lat' dir='ltr'><strong>dias</strong></span> <span class='ocrx_word' id='word_1_213' title='bbox 980 2209 1022 2262; x_wconf 89' lang='lat'><strong>65.</strong></span> 
     </span>
    </p>

    <p class='ocr_par' dir='ltr' id='par_1_15' title="bbox 221 2277 1185 2347">
     <span class='ocr_line' id='line_1_44' title="bbox 221 2277 1185 2347; baseline 0.003 -17"><span class='ocrx_word' id='word_1_214' title='bbox 221 2278 284 2345; x_wconf 89' lang='lat' dir='ltr'><strong>rint,</strong></span> <span class='ocrx_word' id='word_1_215' title='bbox 302 2282 430 2346; x_wconf 84' lang='lat' dir='ltr'><strong>parentes</strong></span> <span class='ocrx_word' id='word_1_216' title='bbox 448 2278 535 2347; x_wconf 77' lang='lat' dir='ltr'><strong>gradu</strong></span> <span class='ocrx_word' id='word_1_217' title='bbox 548 2277 728 2347; x_wconf 85' lang='lat' dir='ltr'><strong>proximiores</strong></span> <span class='ocrx_word' id='word_1_218' title='bbox 763 2292 867 2346; x_wconf 87' lang='lat' dir='ltr'><strong>pascua</strong></span> <span class='ocrx_word' id='word_1_219' title='bbox 883 2281 944 2333; x_wconf 86' lang='grc'>238.</span> <span class='ocrx_word' id='word_1_220' title='bbox 963 2280 1024 2334; x_wconf 88' lang='grc'>252.</span> <span class='ocrx_word' id='word_1_221' title='bbox 1043 2279 1105 2333; x_wconf 90' lang='grc'>253.</span> <span class='ocrx_word' id='word_1_222' title='bbox 1123 2280 1185 2334; x_wconf 88' lang='grc'>257.</span> 
     </span>
    </p>
   </div>
   <div class='ocr_carea' id='block_1_14' title="bbox 186 2351 620 2558">
    <p class='ocr_par' dir='ltr' id='par_1_16' title="bbox 186 2351 620 2558">
     <span class='ocr_line' id='line_1_45' title="bbox 186 2351 620 2487; baseline 0.014 -18"><span class='ocrx_word' id='word_1_223' title='bbox 186 2351 344 2487; x_wconf 56' lang='lat' dir='ltr'><strong>paitecntiii</strong></span> <span class='ocrx_word' id='word_1_224' title='bbox 352 2419 540 2486; x_wconf 89' lang='lat' dir='ltr'><strong>propinquitas</strong></span> <span class='ocrx_word' id='word_1_225' title='bbox 560 2422 620 2475; x_wconf 88' lang='grc'>132.</span> 
     </span>
     <span class='ocr_line' id='line_1_46' title="bbox 186 2488 468 2558; baseline 0.004 -18"><span class='ocrx_word' id='word_1_226' title='bbox 186 2488 327 2558; x_wconf 83' lang='lat' dir='ltr'><strong>parentela</strong></span> <span class='ocrx_word' id='word_1_227' title='bbox 346 2492 388 2544; x_wconf 88' lang='grc'>78.</span> <span class='ocrx_word' id='word_1_228' title='bbox 409 2491 468 2544; x_wconf 90' lang='grc'>122.</span> 
     </span>
    </p>
   </div>
   <div class='ocr_carea' id='block_1_15' title="bbox 764 2347 1307 2418">
    <p class='ocr_par' dir='ltr' id='par_1_17' title="bbox 764 2347 1307 2418">
     <span class='ocr_line' id='line_1_47' title="bbox 764 2347 1307 2418; baseline 0 -16"><span class='ocrx_word' id='word_1_229' title='bbox 764 2347 937 2418; x_wconf 78' lang='lat' dir='ltr'><strong>pascuarium</strong></span> <span class='ocrx_word' id='word_1_230' title='bbox 969 2370 1001 2392; x_wconf 63' lang='grc' dir='ltr'><strong>πε</strong></span> <span class='ocrx_word' id='word_1_231' title='bbox 1033 2365 1137 2416; x_wconf 70' lang='lat' dir='ltr'><strong>mussa,</strong></span> <span class='ocrx_word' id='word_1_232' title='bbox 1176 2351 1225 2417; x_wconf 75' lang='lat' dir='ltr'><strong>pul</strong></span> <span class='ocrx_word' id='word_1_233' title='bbox 1255 2365 1307 2418; x_wconf 85' lang='lat' dir='ltr'><strong>pro</strong></span> 
     </span>
    </p>
   </div>
   <div class='ocr_carea' id='block_1_16' title="bbox 798 2421 1307 2559">
    <p class='ocr_par' dir='ltr' id='par_1_18' title="bbox 798 2421 1307 2559">
     <span class='ocr_line' id='line_1_48' title="bbox 798 2421 1307 2488; baseline -0.002 -16"><span class='ocrx_word' id='word_1_234' title='bbox 798 2421 940 2488; x_wconf 79' lang='lat' dir='ltr'><strong>pascendis</strong></span> <span class='ocrx_word' id='word_1_235' title='bbox 972 2421 1136 2472; x_wconf 78' lang='lat' dir='ltr'><strong>aninsolibus</strong></span> <span class='ocrx_word' id='word_1_236' title='bbox 1171 2423 1203 2472; x_wconf 76' lang='lat' dir='ltr'><strong>iss</strong></span> <span class='ocrx_word' id='word_1_237' title='bbox 1232 2426 1307 2474; x_wconf 81' lang='lat' dir='ltr'><strong>terra</strong></span> 
     </span>
     <span class='ocr_line' id='line_1_49' title="bbox 800 2490 1305 2559; baseline 0.004 -17"><span class='ocrx_word' id='word_1_238' title='bbox 800 2492 892 2543; x_wconf 77' lang='lat' dir='ltr'><strong>alissm</strong></span> <span class='ocrx_word' id='word_1_239' title='bbox 902 2492 1002 2542; x_wconf 76' lang='lat' dir='ltr'><strong>datur:</strong></span> <span class='ocrx_word' id='word_1_240' title='bbox 1020 2490 1077 2545; x_wconf 86' lang='lat' dir='ltr'><strong>sine</strong></span> <span class='ocrx_word' id='word_1_241' title='bbox 1089 2491 1232 2559; x_wconf 78' lang='lat' dir='ltr'><strong>pascuario</strong></span> <span class='ocrx_word' id='word_1_242' title='bbox 1245 2494 1305 2548; x_wconf 91' lang='grc'>257.</span> 
     </span>
    </p>
   </div>
   <div class='ocr_carea' id='block_1_17' title="bbox 185 2558 1306 2844">
    <p class='ocr_par' dir='ltr' id='par_1_19' title="bbox 185 2558 1306 2844">
     <span class='ocr_line' id='line_1_50' title="bbox 186 2558 937 2631; baseline 0.005 -19"><span class='ocrx_word' id='word_1_243' title='bbox 186 2558 727 2628; x_wconf 77' lang='lat' dir='ltr'><strong>parricida201;pan·icidaeheraditass&#39;b.</strong></span> <span class='ocrx_word' id='word_1_244' title='bbox 764 2565 859 2631; x_wconf 88' lang='lat' dir='ltr'><strong>pastor</strong></span> <span class='ocrx_word' id='word_1_245' title='bbox 876 2564 937 2618; x_wconf 85' lang='grc'>255.</span> 
     </span>
     <span class='ocr_line' id='line_1_51' title="bbox 186 2629 937 2702; baseline 0.007 -19"><span class='ocrx_word' id='word_1_246' title='bbox 186 2629 370 2700; x_wconf 86' lang='lat' dir='ltr'><strong>parricidium,</strong></span> <span class='ocrx_word' id='word_1_247' title='bbox 389 2629 572 2698; x_wconf 75' lang='lat' dir='ltr'><strong>parracidium</strong></span> <span class='ocrx_word' id='word_1_248' title='bbox 591 2634 652 2686; x_wconf 89' lang='grc'><strong>201.</strong></span> <span class='ocrx_word' id='word_1_249' title='bbox 666 2635 727 2688; x_wconf 87' lang='grc'>232.</span> <span class='ocrx_word' id='word_1_250' title='bbox 764 2635 937 2702; x_wconf 66' lang='grc'>1111111253.</span> 
     </span>
     <span class='ocr_line' id='line_1_52' title="bbox 185 2699 1305 2773; baseline 0.004 -19"><span class='ocrx_word' id='word_1_251' title='bbox 185 2717 264 2770; x_wconf 86' lang='lat' dir='ltr'><strong>pars:</strong></span> <span class='ocrx_word' id='word_1_252' title='bbox 283 2699 373 2769; x_wconf 89' lang='lat' dir='ltr'><strong>aliqua</strong></span> <span class='ocrx_word' id='word_1_253' title='bbox 390 2718 453 2769; x_wconf 86' lang='lat' dir='ltr'><strong>pars</strong></span> <span class='ocrx_word' id='word_1_254' title='bbox 472 2701 572 2754; x_wconf 86' lang='lat' dir='ltr'><strong>daalio</strong></span> <span class='ocrx_word' id='word_1_255' title='bbox 585 2703 728 2756; x_wconf 89' lang='lat' dir='ltr'><strong>locotem-</strong></span> <span class='ocrx_word' id='word_1_256' title='bbox 764 2707 844 2773; x_wconf 86' lang='lat' dir='ltr'><strong>pater</strong></span> <span class='ocrx_word' id='word_1_257' title='bbox 869 2707 910 2759; x_wconf 84' lang='grc'><strong>12.</strong></span> <span class='ocrx_word' id='word_1_258' title='bbox 938 2706 980 2758; x_wconf 82' lang='grc'><strong>13.</strong></span> <span class='ocrx_word' id='word_1_259' title='bbox 1007 2707 1048 2759; x_wconf 88' lang='grc'><strong>17.</strong></span> <span class='ocrx_word' id='word_1_260' title='bbox 1077 2707 1135 2759; x_wconf 86' lang='grc'>124.</span> <span class='ocrx_word' id='word_1_261' title='bbox 1161 2705 1221 2759; x_wconf 89' lang='grc'>123.</span> <span class='ocrx_word' id='word_1_262' title='bbox 1246 2706 1305 2759; x_wconf 87' lang='lat'>134.</span> 
     </span>
     <span class='ocr_line' id='line_1_53' title="bbox 221 2770 1306 2844; baseline 0.003 -19"><span class='ocrx_word' id='word_1_263' title='bbox 221 2787 288 2842; x_wconf 89' lang='lat' dir='ltr'><strong>pore</strong></span> <span class='ocrx_word' id='word_1_264' title='bbox 312 2770 501 2826; x_wconf 85' lang='lat' dir='ltr'><strong>Romanorum</strong></span> <span class='ocrx_word' id='word_1_265' title='bbox 525 2776 632 2826; x_wconf 86' lang='lat' dir='ltr'><strong>remota</strong></span> <span class='ocrx_word' id='word_1_266' title='bbox 659 2777 727 2843; x_wconf 77' lang='lat'><strong>2893</strong></span> <span class='ocrx_word' id='word_1_267' title='bbox 802 2776 1022 2831; x_wconf 68' lang='lat'><strong>139.141.142.</strong></span> <span class='ocrx_word' id='word_1_268' title='bbox 1045 2777 1106 2830; x_wconf 85' lang='grc'>231.</span> <span class='ocrx_word' id='word_1_269' title='bbox 1130 2777 1182 2830; x_wconf 87' lang='grc'><strong>317</strong></span> <span class='ocrx_word' id='word_1_270' title='bbox 1189 2794 1195 2841; x_wconf 81' lang='lat'><em>3</em></span> <span class='ocrx_word' id='word_1_271' title='bbox 1220 2775 1306 2844; x_wconf 78' lang='lat' dir='ltr'><strong>patris</strong></span> 
     </span>
    </p>
   </div>
   <div class='ocr_carea' id='block_1_18' title="bbox 216 2843 727 4265">
    <p class='ocr_par' dir='ltr' id='par_1_20' title="bbox 216 2843 727 4265">
     <span class='ocr_line' id='line_1_54' title="bbox 220 2843 727 2913; baseline 0.004 -17"><span class='ocrx_word' id='word_1_272' title='bbox 220 2860 292 2913; x_wconf 89' lang='lat' dir='ltr'><strong>pars,</strong></span> <span class='ocrx_word' id='word_1_273' title='bbox 312 2861 363 2912; x_wconf 87' lang='lat' dir='ltr'><strong>que</strong></span> <span class='ocrx_word' id='word_1_274' title='bbox 382 2845 410 2896; x_wconf 90' lang='lat' dir='ltr'><strong>iu</strong></span> <span class='ocrx_word' id='word_1_275' title='bbox 428 2843 566 2912; x_wconf 91' lang='lat' dir='ltr'><strong>mancipio</strong></span> <span class='ocrx_word' id='word_1_276' title='bbox 585 2844 727 2898; x_wconf 76' lang='grc'>11111131-</span> 
     </span>
     <span class='ocr_line' id='line_1_55' title="bbox 221 2915 726 2984; baseline 0.004 -16"><span class='ocrx_word' id='word_1_277' title='bbox 221 2915 302 2969; x_wconf 90' lang='lat' dir='ltr'><strong>betur</strong></span> <span class='ocrx_word' id='word_1_278' title='bbox 315 2919 382 2983; x_wconf 77' lang='lat'><strong>1693</strong></span> <span class='ocrx_word' id='word_1_279' title='bbox 403 2943 435 2954; x_wconf 86' lang='lat'><strong>-—</strong></span> <span class='ocrx_word' id='word_1_280' title='bbox 449 2915 483 2969; x_wconf 89' lang='lat' dir='ltr'><strong>de</strong></span> <span class='ocrx_word' id='word_1_281' title='bbox 496 2919 580 2984; x_wconf 83' lang='lat' dir='ltr'><strong>quota</strong></span> <span class='ocrx_word' id='word_1_282' title='bbox 590 2920 670 2984; x_wconf 85' lang='lat' dir='ltr'><strong>parte</strong></span> <span class='ocrx_word' id='word_1_283' title='bbox 682 2924 726 2970; x_wconf 79' lang='lat' dir='ltr'><strong>etc.</strong></span> 
     </span>
     <span class='ocr_line' id='line_1_56' title="bbox 223 2987 726 3056; baseline -0.002 -14"><span class='ocrx_word' id='word_1_284' title='bbox 223 2991 289 3055; x_wconf 79' lang='lat'>1403</span> <span class='ocrx_word' id='word_1_285' title='bbox 319 2987 433 3040; x_wconf 86' lang='lat' dir='ltr'><strong>terciam</strong></span> <span class='ocrx_word' id='word_1_286' title='bbox 461 2991 569 3055; x_wconf 83' lang='lat' dir='ltr'><strong>partem</strong></span> <span class='ocrx_word' id='word_1_287' title='bbox 595 2988 726 3056; x_wconf 88' lang='lat' dir='ltr'><strong>accipere,</strong></span> 
     </span>
     <span class='ocr_line' id='line_1_57' title="bbox 220 3058 726 3127; baseline 0.004 -17"><span class='ocrx_word' id='word_1_288' title='bbox 220 3058 326 3126; x_wconf 88' lang='lat' dir='ltr'><strong>tollere,</strong></span> <span class='ocrx_word' id='word_1_289' title='bbox 352 3058 481 3126; x_wconf 90' lang='lat' dir='ltr'><strong>consequi</strong></span> <span class='ocrx_word' id='word_1_290' title='bbox 507 3060 549 3113; x_wconf 86' lang='grc'><strong>54.</strong></span> <span class='ocrx_word' id='word_1_291' title='bbox 574 3061 635 3115; x_wconf 86' lang='grc'>133.</span> <span class='ocrx_word' id='word_1_292' title='bbox 660 3062 726 3127; x_wconf 86' lang='grc'>272;</span> 
     </span>
     <span class='ocr_line' id='line_1_58' title="bbox 220 3128 726 3198; baseline 0.01 -17"><span class='ocrx_word' id='word_1_293' title='bbox 220 3129 302 3182; x_wconf 90' lang='lat' dir='ltr'><strong>tertia</strong></span> <span class='ocrx_word' id='word_1_294' title='bbox 337 3143 401 3197; x_wconf 82' lang='lat' dir='ltr'><strong>pars</strong></span> <span class='ocrx_word' id='word_1_295' title='bbox 431 3128 624 3198; x_wconf 84' lang='lat' dir='ltr'><strong>conpositionis</strong></span> <span class='ocrx_word' id='word_1_296' title='bbox 660 3133 726 3198; x_wconf 87' lang='grc'>251;</span> 
     </span>
     <span class='ocr_line' id='line_1_59' title="bbox 221 3199 726 3268; baseline 0 -15"><span class='ocrx_word' id='word_1_297' title='bbox 221 3204 346 3268; x_wconf 82' lang='lat' dir='ltr'><strong>quartam</strong></span> <span class='ocrx_word' id='word_1_298' title='bbox 364 3203 472 3268; x_wconf 81' lang='lat' dir='ltr'><strong>partem</strong></span> <span class='ocrx_word' id='word_1_299' title='bbox 490 3199 626 3254; x_wconf 83' lang='lat' dir='ltr'><strong>facultatis</strong></span> <span class='ocrx_word' id='word_1_300' title='bbox 648 3201 726 3253; x_wconf 84' lang='lat' dir='ltr'><strong>amit·</strong></span> 
     </span>
     <span class='ocr_line' id='line_1_60' title="bbox 220 3275 727 3340; baseline 0 -16"><span class='ocrx_word' id='word_1_301' title='bbox 220 3275 279 3325; x_wconf 85' lang='lat' dir='ltr'><strong>tere</strong></span> <span class='ocrx_word' id='word_1_302' title='bbox 291 3275 352 3327; x_wconf 87' lang='grc'>220.</span> <span class='ocrx_word' id='word_1_303' title='bbox 366 3275 427 3326; x_wconf 82' lang='grc'>224.</span> <span class='ocrx_word' id='word_1_304' title='bbox 439 3275 500 3328; x_wconf 87' lang='grc'>313.</span> <span class='ocrx_word' id='word_1_305' title='bbox 514 3275 582 3340; x_wconf 86' lang='grc'>321;</span> <span class='ocrx_word' id='word_1_306' title='bbox 601 3277 727 3340; x_wconf 84' lang='lat' dir='ltr'><strong>quartem</strong></span> 
     </span>
     <span class='ocr_line' id='line_1_61' title="bbox 220 3342 726 3411; baseline 0.004 -16"><span class='ocrx_word' id='word_1_307' title='bbox 220 3359 246 3411; x_wconf 92' lang='lat' dir='ltr'><strong>p.</strong></span> <span class='ocrx_word' id='word_1_308' title='bbox 272 3342 430 3396; x_wconf 79' lang='lat' dir='ltr'><strong>hereditatis</strong></span> <span class='ocrx_word' id='word_1_309' title='bbox 451 3343 621 3396; x_wconf 78' lang='lat' dir='ltr'><strong>naturalibus</strong></span> <span class='ocrx_word' id='word_1_310' title='bbox 645 3343 726 3397; x_wconf 86' lang='lat' dir='ltr'><strong>relin-</strong></span> 
     </span>
     <span class='ocr_line' id='line_1_62' title="bbox 221 3414 726 3483; baseline 0.004 -18"><span class='ocrx_word' id='word_1_311' title='bbox 221 3428 304 3481; x_wconf 86' lang='lat' dir='ltr'><strong>quere</strong></span> <span class='ocrx_word' id='word_1_312' title='bbox 329 3417 397 3482; x_wconf 81' lang='lat'><strong>3183</strong></span> <span class='ocrx_word' id='word_1_313' title='bbox 425 3414 521 3481; x_wconf 86' lang='lat' dir='ltr'><strong>quinta</strong></span> <span class='ocrx_word' id='word_1_314' title='bbox 545 3431 609 3483; x_wconf 85' lang='lat' dir='ltr'><strong>para</strong></span> <span class='ocrx_word' id='word_1_315' title='bbox 633 3428 726 3468; x_wconf 84' lang='lat' dir='ltr'><strong>rerum</strong></span> 
     </span>
     <span class='ocr_line' id='line_1_63' title="bbox 221 3484 726 3554; baseline 0.004 -18"><span class='ocrx_word' id='word_1_316' title='bbox 221 3484 383 3538; x_wconf 89' lang='lat' dir='ltr'><strong>donatarum</strong></span> <span class='ocrx_word' id='word_1_317' title='bbox 392 3484 726 3554; x_wconf 85' lang='lat' dir='ltr'><strong>1313duodecimampar-</strong></span> 
     </span>
     <span class='ocr_line' id='line_1_64' title="bbox 219 3556 725 3624; baseline 0.008 -15"><span class='ocrx_word' id='word_1_318' title='bbox 219 3560 277 3609; x_wconf 91' lang='lat' dir='ltr'><strong>tem</strong></span> <span class='ocrx_word' id='word_1_319' title='bbox 295 3556 463 3610; x_wconf 89' lang='lat' dir='ltr'><strong>naturalibus</strong></span> <span class='ocrx_word' id='word_1_320' title='bbox 481 3556 636 3624; x_wconf 81' lang='lat' dir='ltr'><strong>relinquere</strong></span> <span class='ocrx_word' id='word_1_321' title='bbox 659 3560 725 3624; x_wconf 72' lang='lat'><strong>3183</strong></span> 
     </span>
     <span class='ocr_line' id='line_1_65' title="bbox 222 3630 726 3696; baseline 0.002 -17"><span class='ocrx_word' id='word_1_322' title='bbox 222 3652 254 3671; x_wconf 89' lang='lat'>=</span> <span class='ocrx_word' id='word_1_323' title='bbox 270 3644 340 3696; x_wconf 80' lang='lat' dir='ltr'><strong>pore</strong></span> <span class='ocrx_word' id='word_1_324' title='bbox 362 3630 392 3679; x_wconf 78' lang='lat' dir='ltr'><strong>in</strong></span> <span class='ocrx_word' id='word_1_325' title='bbox 412 3631 526 3694; x_wconf 65' lang='lat' dir='ltr'><strong>repotiis</strong></span> <span class='ocrx_word' id='word_1_326' title='bbox 542 3644 640 3695; x_wconf 68' lang='lat' dir='ltr'><strong>cyane:</strong></span> <span class='ocrx_word' id='word_1_327' title='bbox 662 3645 726 3696; x_wconf 87' lang='lat' dir='ltr'><strong>pars</strong></span> 
     </span>
     <span class='ocr_line' id='line_1_66' title="bbox 220 3698 726 3768; baseline 0.004 -18"><span class='ocrx_word' id='word_1_328' title='bbox 220 3698 324 3750; x_wconf 88' lang='lat' dir='ltr'><strong>domini</strong></span> <span class='ocrx_word' id='word_1_329' title='bbox 342 3701 409 3766; x_wconf 78' lang='lat'><strong>2833</strong></span> <span class='ocrx_word' id='word_1_330' title='bbox 428 3698 552 3752; x_wconf 89' lang='lat' dir='ltr'><strong>homines</strong></span> <span class='ocrx_word' id='word_1_331' title='bbox 570 3699 655 3768; x_wconf 81' lang='lat' dir='ltr'><strong>partis</strong></span> <span class='ocrx_word' id='word_1_332' title='bbox 668 3699 726 3752; x_wconf 90' lang='lat' dir='ltr'><strong>eius</strong></span> 
     </span>
     <span class='ocr_line' id='line_1_67' title="bbox 220 3769 725 3838; baseline 0.008 -16"><span class='ocrx_word' id='word_1_333' title='bbox 220 3773 285 3836; x_wconf 78' lang='lat'><strong>2893</strong></span> <span class='ocrx_word' id='word_1_334' title='bbox 298 3785 360 3836; x_wconf 82' lang='lat' dir='ltr'><strong>pars</strong></span> <span class='ocrx_word' id='word_1_335' title='bbox 373 3769 432 3820; x_wconf 85' lang='lat' dir='ltr'><strong>eius</strong></span> <span class='ocrx_word' id='word_1_336' title='bbox 443 3774 491 3822; x_wconf 90' lang='lat' dir='ltr'><strong>aut</strong></span> <span class='ocrx_word' id='word_1_337' title='bbox 502 3771 647 3837; x_wconf 80' lang='lat' dir='ltr'><strong>posteritas</strong></span> <span class='ocrx_word' id='word_1_338' title='bbox 659 3773 725 3838; x_wconf 79' lang='lat'><strong>2863</strong></span> 
     </span>
     <span class='ocr_line' id='line_1_68' title="bbox 216 3842 726 3906; baseline 0.008 -17"><span class='ocrx_word' id='word_1_339' title='bbox 216 3843 360 3906; x_wconf 77' lang='lat' dir='ltr'><strong>praecipua</strong></span> <span class='ocrx_word' id='word_1_340' title='bbox 374 3855 452 3904; x_wconf 78' lang='lat' dir='ltr'><strong>pers</strong></span> <span class='ocrx_word' id='word_1_341' title='bbox 463 3843 493 3892; x_wconf 81' lang='lat' dir='ltr'><strong>in</strong></span> <span class='ocrx_word' id='word_1_342' title='bbox 510 3842 610 3893; x_wconf 74' lang='lat' dir='ltr'><strong>iudicio</strong></span> <span class='ocrx_word' id='word_1_343' title='bbox 628 3857 726 3906; x_wconf 75' lang='lat' dir='ltr'><strong>opens:</strong></span> 
     </span>
     <span class='ocr_line' id='line_1_69' title="bbox 219 3909 726 3978; baseline 0.006 -16"><span class='ocrx_word' id='word_1_344' title='bbox 219 3909 303 3962; x_wconf 86' lang='lat' dir='ltr'><strong>iudex</strong></span> <span class='ocrx_word' id='word_1_345' title='bbox 328 3924 460 3962; x_wconf 86' lang='lat' dir='ltr'><strong>consensu</strong></span> <span class='ocrx_word' id='word_1_346' title='bbox 483 3911 604 3978; x_wconf 85' lang='lat' dir='ltr'><strong>partium</strong></span> <span class='ocrx_word' id='word_1_347' title='bbox 623 3913 726 3965; x_wconf 88' lang='lat' dir='ltr'><strong>electus</strong></span> 
     </span>
     <span class='ocr_line' id='line_1_70' title="bbox 219 3980 726 4050; baseline -0.002 -13"><span class='ocrx_word' id='word_1_348' title='bbox 219 3984 267 4047; x_wconf 77' lang='lat'><strong>463</strong></span> <span class='ocrx_word' id='word_1_349' title='bbox 280 3980 440 4049; x_wconf 85' lang='lat' dir='ltr'><strong>iudicantes,</strong></span> <span class='ocrx_word' id='word_1_350' title='bbox 453 3998 522 4048; x_wconf 92' lang='lat' dir='ltr'><strong>quos</strong></span> <span class='ocrx_word' id='word_1_351' title='bbox 532 3983 652 4050; x_wconf 87' lang='lat' dir='ltr'><strong>partium</strong></span> <span class='ocrx_word' id='word_1_352' title='bbox 662 3999 726 4036; x_wconf 92' lang='lat' dir='ltr'><strong>oon-</strong></span> 
     </span>
     <span class='ocr_line' id='line_1_71' title="bbox 220 4052 726 4122; baseline 0.002 -15"><span class='ocrx_word' id='word_1_353' title='bbox 220 4070 313 4107; x_wconf 87' lang='lat' dir='ltr'><strong>sensus</strong></span> <span class='ocrx_word' id='word_1_354' title='bbox 331 4052 444 4122; x_wconf 82' lang='lat' dir='ltr'><strong>elegerit</strong></span> <span class='ocrx_word' id='word_1_355' title='bbox 466 4056 533 4121; x_wconf 83' lang='lat'><strong>2903</strong></span> <span class='ocrx_word' id='word_1_356' title='bbox 557 4053 591 4106; x_wconf 93' lang='lat' dir='ltr'><strong>ab</strong></span> <span class='ocrx_word' id='word_1_357' title='bbox 610 4057 726 4121; x_wconf 81' lang='lat' dir='ltr'><strong>utraque</strong></span> 
     </span>
     <span class='ocr_line' id='line_1_72' title="bbox 219 4123 726 4195; baseline 0 -17"><span class='ocrx_word' id='word_1_358' title='bbox 219 4129 298 4194; x_wconf 78' lang='lat' dir='ltr'><strong>parte</strong></span> <span class='ocrx_word' id='word_1_359' title='bbox 316 4124 396 4178; x_wconf 86' lang='lat' dir='ltr'><strong>electi</strong></span> <span class='ocrx_word' id='word_1_360' title='bbox 413 4124 443 4178; x_wconf 92' lang='lat' dir='ltr'><strong>iu</strong></span> <span class='ocrx_word' id='word_1_361' title='bbox 458 4124 558 4178; x_wconf 86' lang='lat' dir='ltr'><strong>iudicio</strong></span> <span class='ocrx_word' id='word_1_362' title='bbox 569 4123 726 4195; x_wconf 78' lang='lat' dir='ltr'><strong>ingredian-</strong></span> 
     </span>
     <span class='ocr_line' id='line_1_73' title="bbox 219 4196 725 4265; baseline 0.002 -17"><span class='ocrx_word' id='word_1_363' title='bbox 219 4200 267 4249; x_wconf 84' lang='lat' dir='ltr'><strong>tur</strong></span> <span class='ocrx_word' id='word_1_364' title='bbox 283 4199 333 4263; x_wconf 77' lang='lat'><strong>603</strong></span> <span class='ocrx_word' id='word_1_365' title='bbox 358 4213 421 4264; x_wconf 85' lang='lat' dir='ltr'><strong>pars</strong></span> <span class='ocrx_word' id='word_1_366' title='bbox 439 4196 564 4265; x_wconf 86' lang='lat' dir='ltr'><strong>petitoris</strong></span> <span class='ocrx_word' id='word_1_367' title='bbox 586 4200 636 4263; x_wconf 78' lang='lat'><strong>503</strong></span> <span class='ocrx_word' id='word_1_368' title='bbox 661 4213 725 4265; x_wconf 88' lang='lat' dir='ltr'><strong>pars</strong></span> 
     </span>
    </p>
   </div>
   <div class='ocr_carea' id='block_1_19' title="bbox 797 2844 1307 4254">
    <p class='ocr_par' dir='ltr' id='par_1_21' title="bbox 797 2844 1307 4254">
     <span class='ocr_line' id='line_1_74' title="bbox 799 2844 1306 2914; baseline 0.002 -16"><span class='ocrx_word' id='word_1_369' title='bbox 799 2848 920 2914; x_wconf 88' lang='lat' dir='ltr'><strong>potestas</strong></span> <span class='ocrx_word' id='word_1_370' title='bbox 940 2848 1060 2910; x_wconf 68' lang='grc'>151271</span> <span class='ocrx_word' id='word_1_371' title='bbox 1078 2844 1128 2898; x_wconf 87' lang='lat' dir='ltr'><strong>filii</strong></span> <span class='ocrx_word' id='word_1_372' title='bbox 1146 2845 1306 2900; x_wconf 89' lang='lat' dir='ltr'><strong>condicione</strong></span> 
     </span>
     <span class='ocr_line' id='line_1_75' title="bbox 799 2915 1306 2985; baseline 0.002 -16"><span class='ocrx_word' id='word_1_373' title='bbox 799 2916 873 2985; x_wconf 88' lang='lat' dir='ltr'><strong>patri</strong></span> <span class='ocrx_word' id='word_1_374' title='bbox 897 2920 1048 2983; x_wconf 84' lang='lat' dir='ltr'><strong>sequantur</strong></span> <span class='ocrx_word' id='word_1_375' title='bbox 1071 2918 1121 2983; x_wconf 74' lang='lat'><strong>953</strong></span> <span class='ocrx_word' id='word_1_376' title='bbox 1148 2915 1222 2970; x_wconf 86' lang='lat' dir='ltr'><strong>filius</strong></span> <span class='ocrx_word' id='word_1_377' title='bbox 1244 2935 1306 2970; x_wconf 91' lang='lat' dir='ltr'><strong>cum</strong></span> 
     </span>
     <span class='ocr_line' id='line_1_76' title="bbox 799 2987 1305 3056; baseline 0.008 -16"><span class='ocrx_word' id='word_1_378' title='bbox 799 2991 878 3056; x_wconf 85' lang='lat' dir='ltr'><strong>patre</strong></span> <span class='ocrx_word' id='word_1_379' title='bbox 902 2987 932 3040; x_wconf 89' lang='lat' dir='ltr'><strong>in</strong></span> <span class='ocrx_word' id='word_1_380' title='bbox 956 3003 1101 3041; x_wconf 87' lang='lat' dir='ltr'><strong>commune</strong></span> <span class='ocrx_word' id='word_1_381' title='bbox 1118 2988 1216 3041; x_wconf 83' lang='lat' dir='ltr'><strong>vivens</strong></span> <span class='ocrx_word' id='word_1_382' title='bbox 1239 2992 1305 3056; x_wconf 72' lang='lat'><strong>1323</strong></span> 
     </span>
     <span class='ocr_line' id='line_1_77' title="bbox 800 3058 1306 3127; baseline 0.006 -15"><span class='ocrx_word' id='word_1_383' title='bbox 800 3059 953 3112; x_wconf 87' lang='lat' dir='ltr'><strong>communis</strong></span> <span class='ocrx_word' id='word_1_384' title='bbox 964 3058 1053 3112; x_wconf 82' lang='lat' dir='ltr'><strong>victus</strong></span> <span class='ocrx_word' id='word_1_385' title='bbox 1071 3075 1134 3112; x_wconf 88' lang='lat' dir='ltr'><strong>cum</strong></span> <span class='ocrx_word' id='word_1_386' title='bbox 1148 3063 1229 3127; x_wconf 88' lang='lat' dir='ltr'><strong>patre</strong></span> <span class='ocrx_word' id='word_1_387' title='bbox 1242 3063 1306 3126; x_wconf 75' lang='lat'>1423</span> 
     </span>
     <span class='ocr_line' id='line_1_78' title="bbox 799 3130 1305 3198; baseline 0.006 -16"><span class='ocrx_word' id='word_1_388' title='bbox 799 3130 891 3198; x_wconf 85' lang='lat' dir='ltr'><strong>puella</strong></span> <span class='ocrx_word' id='word_1_389' title='bbox 913 3133 1025 3198; x_wconf 79' lang='lat' dir='ltr'><strong>epatre</strong></span> <span class='ocrx_word' id='word_1_390' title='bbox 1049 3130 1131 3183; x_wconf 84' lang='lat' dir='ltr'><strong>alicui</strong></span> <span class='ocrx_word' id='word_1_391' title='bbox 1155 3134 1238 3198; x_wconf 81' lang='lat' dir='ltr'><strong>pacta</strong></span> <span class='ocrx_word' id='word_1_392' title='bbox 1262 3134 1305 3187; x_wconf 90' lang='grc'>87.</span> 
     </span>
     <span class='ocr_line' id='line_1_79' title="bbox 798 3201 1306 3271; baseline -0.004 -14"><span class='ocrx_word' id='word_1_393' title='bbox 798 3204 848 3267; x_wconf 73' lang='lat'><strong>883</strong></span> <span class='ocrx_word' id='word_1_394' title='bbox 866 3201 959 3269; x_wconf 86' lang='lat' dir='ltr'><strong>puella</strong></span> <span class='ocrx_word' id='word_1_395' title='bbox 977 3217 1039 3254; x_wconf 91' lang='lat' dir='ltr'><strong>cum</strong></span> <span class='ocrx_word' id='word_1_396' title='bbox 1051 3201 1204 3254; x_wconf 86' lang='lat' dir='ltr'><strong>volumtate</strong></span> <span class='ocrx_word' id='word_1_397' title='bbox 1220 3201 1306 3271; x_wconf 78' lang='lat' dir='ltr'><strong>patris</strong></span> 
     </span>
     <span class='ocr_line' id='line_1_80' title="bbox 799 3271 1306 3340; baseline 0.002 -15"><span class='ocrx_word' id='word_1_398' title='bbox 799 3276 927 3340; x_wconf 85' lang='lat' dir='ltr'><strong>sponsata</strong></span> <span class='ocrx_word' id='word_1_399' title='bbox 953 3275 1001 3339; x_wconf 87' lang='grc'><strong>87;</strong></span> <span class='ocrx_word' id='word_1_400' title='bbox 1033 3271 1056 3324; x_wconf 91' lang='lat' dir='ltr'><strong>si</strong></span> <span class='ocrx_word' id='word_1_401' title='bbox 1082 3276 1164 3340; x_wconf 86' lang='lat' dir='ltr'><strong>pater</strong></span> <span class='ocrx_word' id='word_1_402' title='bbox 1188 3272 1223 3326; x_wconf 92' lang='lat' dir='ltr'><strong>de</strong></span> <span class='ocrx_word' id='word_1_403' title='bbox 1250 3271 1306 3327; x_wconf 87' lang='lat' dir='ltr'><strong>filie</strong></span> 
     </span>
     <span class='ocr_line' id='line_1_81' title="bbox 798 3341 1306 3413; baseline 0.004 -18"><span class='ocrx_word' id='word_1_404' title='bbox 798 3343 901 3411; x_wconf 87' lang='lat' dir='ltr'><strong>nuptiis</strong></span> <span class='ocrx_word' id='word_1_405' title='bbox 927 3341 1064 3396; x_wconf 77' lang='lat' dir='ltr'><strong>definierit</strong></span> <span class='ocrx_word' id='word_1_406' title='bbox 1093 3347 1121 3396; x_wconf 86' lang='lat' dir='ltr'><strong>et</strong></span> <span class='ocrx_word' id='word_1_407' title='bbox 1150 3343 1185 3397; x_wconf 89' lang='lat' dir='ltr'><strong>da</strong></span> <span class='ocrx_word' id='word_1_408' title='bbox 1215 3344 1306 3413; x_wconf 86' lang='lat' dir='ltr'><strong>pretio</strong></span> 
     </span>
     <span class='ocr_line' id='line_1_82' title="bbox 799 3413 1306 3483; baseline 0.002 -16"><span class='ocrx_word' id='word_1_409' title='bbox 799 3413 957 3468; x_wconf 86' lang='lat' dir='ltr'><strong>convenerit</strong></span> <span class='ocrx_word' id='word_1_410' title='bbox 992 3417 1040 3481; x_wconf 73' lang='lat'><strong>873</strong></span> <span class='ocrx_word' id='word_1_411' title='bbox 1084 3413 1177 3468; x_wconf 80' lang='lat' dir='ltr'><strong>dotem</strong></span> <span class='ocrx_word' id='word_1_412' title='bbox 1213 3415 1306 3483; x_wconf 79' lang='lat' dir='ltr'><strong>puelle</strong></span> 
     </span>
     <span class='ocr_line' id='line_1_83' title="bbox 798 3485 1305 3555; baseline 0.01 -17"><span class='ocrx_word' id='word_1_413' title='bbox 798 3489 879 3554; x_wconf 82' lang='lat' dir='ltr'><strong>pater</strong></span> <span class='ocrx_word' id='word_1_414' title='bbox 907 3485 1000 3555; x_wconf 77' lang='lat' dir='ltr'><strong>exiget</strong></span> <span class='ocrx_word' id='word_1_415' title='bbox 1029 3487 1058 3538; x_wconf 80' lang='lat' dir='ltr'><strong>at</strong></span> <span class='ocrx_word' id='word_1_416' title='bbox 1084 3489 1228 3539; x_wconf 87' lang='lat' dir='ltr'><strong>conservet</strong></span> <span class='ocrx_word' id='word_1_417' title='bbox 1257 3490 1305 3552; x_wconf 73' lang='lat'><strong>913</strong></span> 
     </span>
     <span class='ocr_line' id='line_1_84' title="bbox 818 3555 1305 3625; baseline 0.004 -16"><span class='ocrx_word' id='word_1_418' title='bbox 818 3560 877 3609; x_wconf 87' lang='lat' dir='ltr'><strong>ater</strong></span> <span class='ocrx_word' id='word_1_419' title='bbox 903 3555 989 3609; x_wconf 89' lang='lat' dir='ltr'><strong>filiam</strong></span> <span class='ocrx_word' id='word_1_420' title='bbox 1015 3557 1114 3624; x_wconf 90' lang='lat' dir='ltr'><strong>nuptui</strong></span> <span class='ocrx_word' id='word_1_421' title='bbox 1141 3556 1227 3610; x_wconf 87' lang='lat' dir='ltr'><strong>tradit</strong></span> <span class='ocrx_word' id='word_1_422' title='bbox 1256 3560 1305 3625; x_wconf 70' lang='lat'><strong>873</strong></span> 
     </span>
     <span class='ocr_line' id='line_1_85' title="bbox 829 3627 1306 3696; baseline 0.002 -17"><span class='ocrx_word' id='word_1_423' title='bbox 829 3627 856 3680; x_wconf 86' lang='lat' dir='ltr'><strong>ia</strong></span> <span class='ocrx_word' id='word_1_424' title='bbox 889 3628 918 3679; x_wconf 89' lang='lat' dir='ltr'><strong>in</strong></span> <span class='ocrx_word' id='word_1_425' title='bbox 953 3627 1087 3680; x_wconf 85' lang='lat' dir='ltr'><strong>adulterio</strong></span> <span class='ocrx_word' id='word_1_426' title='bbox 1118 3644 1134 3680; x_wconf 84' lang='lat' dir='ltr'><strong>a</strong></span> <span class='ocrx_word' id='word_1_427' title='bbox 1163 3631 1243 3696; x_wconf 77' lang='lat' dir='ltr'><strong>patre</strong></span> <span class='ocrx_word' id='word_1_428' title='bbox 1276 3627 1306 3680; x_wconf 90' lang='lat' dir='ltr'><strong>in</strong></span> 
     </span>
     <span class='ocr_line' id='line_1_86' title="bbox 799 3698 1306 3768; baseline 0.002 -17"><span class='ocrx_word' id='word_1_429' title='bbox 799 3698 881 3751; x_wconf 91' lang='lat' dir='ltr'><strong>domo</strong></span> <span class='ocrx_word' id='word_1_430' title='bbox 899 3715 948 3751; x_wconf 92' lang='lat' dir='ltr'><strong>sua</strong></span> <span class='ocrx_word' id='word_1_431' title='bbox 966 3698 1054 3752; x_wconf 86' lang='lat' dir='ltr'><strong>occisa</strong></span> <span class='ocrx_word' id='word_1_432' title='bbox 1068 3700 1135 3765; x_wconf 73' lang='lat'>1043</span> <span class='ocrx_word' id='word_1_433' title='bbox 1153 3699 1241 3768; x_wconf 77' lang='lat' dir='ltr'><strong>patris</strong></span> <span class='ocrx_word' id='word_1_434' title='bbox 1252 3698 1306 3752; x_wconf 90' lang='lat' dir='ltr'><strong>dis·</strong></span> 
     </span>
     <span class='ocr_line' id='line_1_87' title="bbox 798 3767 1306 3839; baseline 0 -17"><span class='ocrx_word' id='word_1_435' title='bbox 798 3773 913 3839; x_wconf 88' lang='lat' dir='ltr'><strong>ponsata</strong></span> <span class='ocrx_word' id='word_1_436' title='bbox 931 3773 978 3823; x_wconf 90' lang='lat' dir='ltr'><strong>aut</strong></span> <span class='ocrx_word' id='word_1_437' title='bbox 996 3767 1078 3823; x_wconf 84' lang='lat' dir='ltr'><strong>vidua</strong></span> <span class='ocrx_word' id='word_1_438' title='bbox 1098 3773 1164 3836; x_wconf 73' lang='lat'><strong>1123</strong></span> <span class='ocrx_word' id='word_1_439' title='bbox 1188 3771 1211 3823; x_wconf 87' lang='lat' dir='ltr'><strong>si</strong></span> <span class='ocrx_word' id='word_1_440' title='bbox 1233 3769 1306 3823; x_wconf 84' lang='lat' dir='ltr'><strong>filius</strong></span> 
     </span>
     <span class='ocr_line' id='line_1_88' title="bbox 798 3840 1306 3910; baseline 0.002 -17"><span class='ocrx_word' id='word_1_441' title='bbox 798 3844 876 3910; x_wconf 88' lang='lat' dir='ltr'><strong>patre</strong></span> <span class='ocrx_word' id='word_1_442' title='bbox 893 3841 1002 3894; x_wconf 83' lang='lat' dir='ltr'><strong>vivente</strong></span> <span class='ocrx_word' id='word_1_443' title='bbox 1020 3841 1163 3894; x_wconf 84' lang='lat' dir='ltr'><strong>recesserit</strong></span> <span class='ocrx_word' id='word_1_444' title='bbox 1181 3843 1248 3909; x_wconf 74' lang='lat'><strong>132;</strong></span> <span class='ocrx_word' id='word_1_445' title='bbox 1271 3840 1306 3894; x_wconf 83' lang='lat' dir='ltr'><strong>de</strong></span> 
     </span>
     <span class='ocr_line' id='line_1_89' title="bbox 797 3911 1305 3981; baseline 0.008 -17"><span class='ocrx_word' id='word_1_446' title='bbox 797 3911 861 3965; x_wconf 91' lang='lat' dir='ltr'><strong>filiis</strong></span> <span class='ocrx_word' id='word_1_447' title='bbox 886 3915 950 3965; x_wconf 90' lang='lat' dir='ltr'><strong>ante</strong></span> <span class='ocrx_word' id='word_1_448' title='bbox 971 3915 1078 3981; x_wconf 76' lang='lat' dir='ltr'><strong>patrem</strong></span> <span class='ocrx_word' id='word_1_449' title='bbox 1097 3912 1213 3964; x_wconf 87' lang='lat' dir='ltr'><strong>mortuis</strong></span> <span class='ocrx_word' id='word_1_450' title='bbox 1238 3915 1305 3979; x_wconf 71' lang='lat'><strong>31⁷3</strong></span> 
     </span>
     <span class='ocr_line' id='line_1_90' title="bbox 798 3982 1306 4053; baseline 0.002 -18"><span class='ocrx_word' id='word_1_451' title='bbox 798 3985 833 4048; x_wconf 76' lang='lat' dir='ltr'><strong>ef.</strong></span> <span class='ocrx_word' id='word_1_452' title='bbox 852 3982 933 4038; x_wconf 86' lang='lat' dir='ltr'><strong>filius.</strong></span> <span class='ocrx_word' id='word_1_453' title='bbox 954 4013 986 4022; x_wconf 91' lang='lat'><em>-</em></span> <span class='ocrx_word' id='word_1_454' title='bbox 1006 3987 1101 4053; x_wconf 75' lang='lat' dir='ltr'><strong>patras</strong></span> <span class='ocrx_word' id='word_1_455' title='bbox 1117 3983 1211 4051; x_wconf 89' lang='lat' dir='ltr'><strong>sancti,</strong></span> <span class='ocrx_word' id='word_1_456' title='bbox 1230 3999 1306 4036; x_wconf 90' lang='lat' dir='ltr'><strong>sano·</strong></span> 
     </span>
     <span class='ocr_line' id='line_1_91' title="bbox 797 4054 1306 4123; baseline -0.002 -15"><span class='ocrx_word' id='word_1_457' title='bbox 797 4054 906 4122; x_wconf 84' lang='lat' dir='ltr'><strong>tissimi,</strong></span> <span class='ocrx_word' id='word_1_458' title='bbox 933 4055 1051 4122; x_wconf 86' lang='lat' dir='ltr'><strong>antiqui:</strong></span> <span class='ocrx_word' id='word_1_459' title='bbox 1077 4057 1221 4123; x_wconf 74' lang='lat' dir='ltr'><strong>precepta,</strong></span> <span class='ocrx_word' id='word_1_460' title='bbox 1245 4071 1306 4108; x_wconf 90' lang='lat' dir='ltr'><strong>sen·</strong></span> 
     </span>
     <span class='ocr_line' id='line_1_92' title="bbox 798 4124 1307 4193; baseline 0 -15"><span class='ocrx_word' id='word_1_461' title='bbox 798 4125 892 4193; x_wconf 90' lang='lat' dir='ltr'><strong>tentia,</strong></span> <span class='ocrx_word' id='word_1_462' title='bbox 904 4142 996 4179; x_wconf 87' lang='lat' dir='ltr'><strong>sacrae</strong></span> <span class='ocrx_word' id='word_1_463' title='bbox 1009 4124 1181 4178; x_wconf 87' lang='lat' dir='ltr'><strong>definitiones</strong></span> <span class='ocrx_word' id='word_1_464' title='bbox 1192 4129 1307 4193; x_wconf 82' lang='lat' dir='ltr'><strong>patrum</strong></span> 
     </span>
     <span class='ocr_line' id='line_1_93' title="bbox 798 4199 1258 4254; baseline 0.007 -5"><span class='ocrx_word' id='word_1_465' title='bbox 798 4202 954 4250; x_wconf 82' lang='lat' dir='ltr'><strong>sanctorum</strong></span> <span class='ocrx_word' id='word_1_466' title='bbox 972 4204 1016 4252; x_wconf 80' lang='lat' dir='ltr'><strong>sse.</strong></span> <span class='ocrx_word' id='word_1_467' title='bbox 1037 4200 1096 4252; x_wconf 90' lang='lat'>111.</span> <span class='ocrx_word' id='word_1_468' title='bbox 1115 4199 1177 4252; x_wconf 82' lang='grc'>293.</span> <span class='ocrx_word' id='word_1_469' title='bbox 1196 4200 1258 4254; x_wconf 87' lang='grc'>300.</span> 
     </span>
    </p>
   </div>
   <div class='ocr_carea' id='block_1_20' title="bbox 219 4267 1308 4407">
    <p class='ocr_par' dir='ltr' id='par_1_22' title="bbox 219 4267 1308 4407">
     <span class='ocr_line' id='line_1_94' title="bbox 219 4267 1308 4338; baseline 0.002 -18"><span class='ocrx_word' id='word_1_470' title='bbox 219 4271 303 4321; x_wconf 87' lang='lat' dir='ltr'><strong>testes</strong></span> <span class='ocrx_word' id='word_1_471' title='bbox 330 4267 441 4320; x_wconf 78' lang='lat' dir='ltr'><strong>adducit</strong></span> <span class='ocrx_word' id='word_1_472' title='bbox 468 4271 517 4336; x_wconf 79' lang='lat'><strong>543</strong></span> <span class='ocrx_word' id='word_1_473' title='bbox 548 4269 582 4322; x_wconf 84' lang='lat' dir='ltr'><strong>ab</strong></span> <span class='ocrx_word' id='word_1_474' title='bbox 610 4271 725 4336; x_wconf 74' lang='lat' dir='ltr'><strong>utruque</strong></span> <span class='ocrx_word' id='word_1_475' title='bbox 760 4272 906 4338; x_wconf 88' lang='lat' dir='ltr'><strong>paternus:</strong></span> <span class='ocrx_word' id='word_1_476' title='bbox 941 4271 1072 4336; x_wconf 85' lang='lat' dir='ltr'><strong>paternae</strong></span> <span class='ocrx_word' id='word_1_477' title='bbox 1101 4282 1157 4336; x_wconf 87' lang='lat' dir='ltr'><strong>ras,</strong></span> <span class='ocrx_word' id='word_1_478' title='bbox 1190 4271 1308 4336; x_wconf 85' lang='lat' dir='ltr'><strong>paterna</strong></span> 
     </span>
     <span class='ocr_line' id='line_1_95' title="bbox 219 4338 1308 4407; baseline 0.001 -16"><span class='ocrx_word' id='word_1_479' title='bbox 219 4343 297 4407; x_wconf 89' lang='lat' dir='ltr'><strong>parte</strong></span> <span class='ocrx_word' id='word_1_480' title='bbox 315 4338 473 4392; x_wconf 87' lang='lat' dir='ltr'><strong>testimonia</strong></span> <span class='ocrx_word' id='word_1_481' title='bbox 489 4340 598 4407; x_wconf 88' lang='lat' dir='ltr'><strong>prolata</strong></span> <span class='ocrx_word' id='word_1_482' title='bbox 616 4343 666 4406; x_wconf 76' lang='lat'><strong>723</strong></span> <span class='ocrx_word' id='word_1_483' title='bbox 684 4340 725 4392; x_wconf 90' lang='lat' dir='ltr'><strong>iu·</strong></span> <span class='ocrx_word' id='word_1_484' title='bbox 796 4339 933 4394; x_wconf 88' lang='lat' dir='ltr'><strong>hereditas</strong></span> <span class='ocrx_word' id='word_1_485' title='bbox 947 4342 989 4395; x_wconf 88' lang='grc'><strong>16.</strong></span> <span class='ocrx_word' id='word_1_486' title='bbox 1003 4342 1068 4406; x_wconf 85' lang='grc'>128;</span> <span class='ocrx_word' id='word_1_487' title='bbox 1087 4353 1153 4392; x_wconf 87' lang='lat' dir='ltr'><strong>avus</strong></span> <span class='ocrx_word' id='word_1_488' title='bbox 1165 4342 1308 4407; x_wconf 81' lang='lat' dir='ltr'><strong>paternus,</strong></span> 
     </span>
    </p>
   </div>
   <div class='ocr_carea' id='block_1_21' title="bbox 0 0 1505 4934">
    <p class='ocr_par' dir='ltr' id='par_1_23' title="bbox 0 0 1505 4934">
     <span class='ocr_line' id='line_1_96' title="bbox 0 0 1505 4934; baseline 0 0"><span class='ocrx_word' id='word_1_489' title='bbox 0 0 1505 4934; x_wconf 95' lang='lat' dir='ltr'><strong> </strong></span> 
     </span>
    </p>
   </div>
  </div>
 </body>
</html>
