<?xml version="1.0" encoding="UTF-8"?>
<!DOCTYPE html PUBLIC "-//W3C//DTD XHTML 1.0 Transitional//EN"
    "http://www.w3.org/TR/xhtml1/DTD/xhtml1-transitional.dtd">
<html xmlns="http://www.w3.org/1999/xhtml" xml:lang="en" lang="en">
 <head>
  <title>
</title>
<meta http-equiv="Content-Type" content="text/html;charset=utf-8" />
  <meta name='ocr-system' content='tesseract 3.04.00' />
  <meta name='ocr-capabilities' content='ocr_page ocr_carea ocr_par ocr_line ocrx_word'/>
</head>
<body>
  <div class='ocr_page' id='page_1' title='image "./fontesiurisgerm01unkngoog_0230.png"; bbox 0 0 3000 4934; ppageno 0'>
   <div class='ocr_carea' id='block_1_1' title="bbox 340 395 1273 465">
    <p class='ocr_par' dir='ltr' id='par_1_1' title="bbox 340 395 1273 465">
     <span class='ocr_line' id='line_1_1' title="bbox 340 395 1273 465; baseline -0.001 -12"><span class='ocrx_word' id='word_1_1' title='bbox 340 399 418 456; x_wconf 74' lang='lat' dir='ltr'>LlilX</span> <span class='ocrx_word' id='word_1_2' title='bbox 436 398 551 455; x_wconf 80' lang='lat' dir='ltr'><strong>VISIG.</strong></span> <span class='ocrx_word' id='word_1_3' title='bbox 570 397 839 454; x_wconf 73' lang='lat' dir='ltr'>RhocassVIND.</span> <span class='ocrx_word' id='word_1_4' title='bbox 876 395 927 465; x_wconf 87' lang='lat' dir='ltr'>VI,</span> <span class='ocrx_word' id='word_1_5' title='bbox 946 399 972 465; x_wconf 80' lang='grc' dir='ltr'>ὂ,</span> <span class='ocrx_word' id='word_1_6' title='bbox 991 399 1088 453; x_wconf 81' lang='grc'><strong>8-12.</strong></span> <span class='ocrx_word' id='word_1_7' title='bbox 1221 399 1273 453; x_wconf 81' lang='grc'>195</span> 
     </span>
    </p>
   </div>
   <div class='ocr_carea' id='block_1_2' title="bbox 152 581 1273 826">
    <p class='ocr_par' dir='ltr' id='par_1_2' title="bbox 152 581 1273 826">
     <span class='ocr_line' id='line_1_2' title="bbox 154 581 1272 667; baseline -0.004 -19"><span class='ocrx_word' id='word_1_8' title='bbox 154 584 243 648; x_wconf 88' lang='lat' dir='ltr'>cidio</span> <span class='ocrx_word' id='word_1_9' title='bbox 273 605 337 648; x_wconf 89' lang='lat' dir='ltr'>nec</span> <span class='ocrx_word' id='word_1_10' title='bbox 367 584 529 648; x_wconf 80' lang='lat' dir='ltr'>infamari</span> <span class='ocrx_word' id='word_1_11' title='bbox 559 583 687 667; x_wconf 90' lang='lat' dir='ltr'>poterit</span> <span class='ocrx_word' id='word_1_12' title='bbox 721 602 785 646; x_wconf 87' lang='lat' dir='ltr'>nec</span> <span class='ocrx_word' id='word_1_13' title='bbox 820 582 948 664; x_wconf 86' lang='lat' dir='ltr'>adfligi.</span> <span class='ocrx_word' id='word_1_14' title='bbox 1000 581 1103 659; x_wconf 78' lang='lat' dir='ltr'>Quia,</span> <span class='ocrx_word' id='word_1_15' title='bbox 1136 581 1272 645; x_wconf 86' lang='lat' dir='ltr'>dicente</span> 
     </span>
     <span class='ocr_line' id='line_1_3' title="bbox 153 669 1273 757; baseline -0.004 -22"><span class='ocrx_word' id='word_1_16' title='bbox 153 672 314 736; x_wconf 81' lang='lat' dir='ltr'>Dominie</span> <span class='ocrx_word' id='word_1_17' title='bbox 343 693 440 737; x_wconf 85' lang='lat' dir='ltr'>sacra</span> <span class='ocrx_word' id='word_1_18' title='bbox 469 673 668 757; x_wconf 88' lang='lat' dir='ltr'>iscriptura:</span> <span class='ocrx_word' id='word_1_19' title='bbox 704 670 795 755; x_wconf 88' lang='lat' dir='ltr'>‘qui1</span> <span class='ocrx_word' id='word_1_20' title='bbox 824 671 1043 754; x_wconf 79' lang='lat' dir='ltr'>disciplinam</span> <span class='ocrx_word' id='word_1_21' title='bbox 1074 670 1193 746; x_wconf 86' lang='lat' dir='ltr'>abicit,</span> <span class='ocrx_word' id='word_1_22' title='bbox 1224 669 1273 731; x_wconf 91' lang='lat' dir='ltr'>in·</span> 
     </span>
     <span class='ocr_line' id='line_1_4' title="bbox 152 761 351 826; baseline -0.005 -2"><span class='ocrx_word' id='word_1_23' title='bbox 152 761 237 825; x_wconf 84' lang='lat' dir='ltr'>felix</span> <span class='ocrx_word' id='word_1_24' title='bbox 261 761 351 826; x_wconf 87' lang='lat' dir='ltr'>erit&#39;.</span> 
     </span>
    </p>
   </div>
   <div class='ocr_carea' id='block_1_3' title="bbox 228 927 1194 989">
    <p class='ocr_par' dir='ltr' id='par_1_3' title="bbox 228 927 1194 989">
     <span class='ocr_line' id='line_1_5' title="bbox 228 927 1194 989; baseline -0.002 -3"><span class='ocrx_word' id='word_1_25' title='bbox 228 931 327 989; x_wconf 85' lang='lat' dir='ltr'>VIIII.</span> <span class='ocrx_word' id='word_1_26' title='bbox 357 931 526 986; x_wconf 81' lang='lat' dir='ltr'><strong>FLAVIUS</strong></span> <span class='ocrx_word' id='word_1_27' title='bbox 546 930 760 986; x_wconf 70' lang='lat' dir='ltr'>chomosus</span> <span class='ocrx_word' id='word_1_28' title='bbox 779 928 1088 985; x_wconf 80' lang='lat' dir='ltr'>REGOESSVINDUS</span> <span class='ocrx_word' id='word_1_29' title='bbox 1107 927 1194 984; x_wconf 83' lang='lat' dir='ltr'><strong>REX.</strong></span> 
     </span>
    </p>
   </div>
   <div class='ocr_carea' id='block_1_4' title="bbox 198 1041 1228 1195">
    <p class='ocr_par' dir='ltr' id='par_1_4' title="bbox 198 1041 1228 1195">
     <span class='ocr_line' id='line_1_6' title="bbox 198 1041 1228 1127; baseline -0.005 -19"><span class='ocrx_word' id='word_1_30' title='bbox 198 1044 241 1108; x_wconf 83' lang='lat' dir='ltr'>si</span> <span class='ocrx_word' id='word_1_31' title='bbox 280 1045 499 1127; x_wconf 85' lang='lat' dir='ltr'>ingenuus</span> <span class='ocrx_word' id='word_1_32' title='bbox 540 1064 708 1108; x_wconf 88' lang='lat' dir='ltr'>servum</span> <span class='ocrx_word' id='word_1_33' title='bbox 748 1042 923 1106; x_wconf 78' lang='lat' dir='ltr'>casibus</span> <span class='ocrx_word' id='word_1_34' title='bbox 962 1041 1228 1126; x_wconf 76' lang='lat' dir='ltr'>prescriptis</span> 
     </span>
     <span class='ocr_line' id='line_1_7' title="bbox 617 1131 803 1195; baseline -0.016 -1"><span class='ocrx_word' id='word_1_35' title='bbox 617 1131 803 1195; x_wconf 86' lang='lat' dir='ltr'>occidat.</span> 
     </span>
    </p>
   </div>
   <div class='ocr_carea' id='block_1_5' title="bbox 152 1235 1273 1567">
    <p class='ocr_par' dir='ltr' id='par_1_5' title="bbox 152 1235 1273 1567">
     <span class='ocr_line' id='line_1_8' title="bbox 260 1235 1273 1320; baseline -0.002 -20"><span class='ocrx_word' id='word_1_36' title='bbox 260 1238 297 1300; x_wconf 82' lang='lat' dir='ltr'>Si</span> <span class='ocrx_word' id='word_1_37' title='bbox 335 1239 506 1320; x_wconf 85' lang='lat' dir='ltr'>ingenuus</span> <span class='ocrx_word' id='word_1_38' title='bbox 544 1258 680 1301; x_wconf 87' lang='lat' dir='ltr'>servum</span> <span class='ocrx_word' id='word_1_39' title='bbox 717 1258 788 1300; x_wconf 93' lang='lat' dir='ltr'>non</span> <span class='ocrx_word' id='word_1_40' title='bbox 826 1235 1031 1310; x_wconf 88' lang='lat' dir='ltr'>volumtate,</span> <span class='ocrx_word' id='word_1_41' title='bbox 1071 1237 1132 1299; x_wconf 90' lang='lat' dir='ltr'>sed</span> <span class='ocrx_word' id='word_1_42' title='bbox 1169 1256 1273 1320; x_wconf 90' lang='lat' dir='ltr'>supra</span> 
     </span>
     <span class='ocr_line' id='line_1_9' title="bbox 152 1324 1272 1409; baseline -0.002 -21"><span class='ocrx_word' id='word_1_43' title='bbox 152 1326 290 1409; x_wconf 87' lang='lat' dir='ltr'>scriptis</span> <span class='ocrx_word' id='word_1_44' title='bbox 325 1326 460 1389; x_wconf 85' lang='lat' dir='ltr'>casibus</span> <span class='ocrx_word' id='word_1_45' title='bbox 496 1325 638 1389; x_wconf 88' lang='lat' dir='ltr'>diversis</span> <span class='ocrx_word' id='word_1_46' title='bbox 672 1324 877 1400; x_wconf 71' lang='lat' dir='ltr'>hocciderit,</span> <span class='ocrx_word' id='word_1_47' title='bbox 916 1324 1162 1387; x_wconf 73' lang='lat' dir='ltr'>medietatema</span> <span class='ocrx_word' id='word_1_48' title='bbox 1197 1345 1272 1387; x_wconf 89' lang='lat' dir='ltr'>con·</span> 
     </span>
     <span class='ocr_line' id='line_1_10' title="bbox 153 1405 1272 1497; baseline -0.003 -20"><span class='ocrx_word' id='word_1_49' title='bbox 153 1414 343 1497; x_wconf 76' lang='lat' dir='ltr'>positionis,</span> <span class='ocrx_word' id='word_1_50' title='bbox 376 1435 441 1497; x_wconf 92' lang='lat' dir='ltr'>que</span> <span class='ocrx_word' id='word_1_51' title='bbox 471 1416 524 1477; x_wconf 89' lang='lat' dir='ltr'>est</span> <span class='ocrx_word' id='word_1_52' title='bbox 551 1415 594 1477; x_wconf 87' lang='lat' dir='ltr'>de</span> <span class='ocrx_word' id='word_1_53' title='bbox 622 1412 781 1496; x_wconf 86' lang='lat' dir='ltr'>ingenuis</span> <span class='ocrx_word' id='word_1_54' title='bbox 810 1413 1010 1490; x_wconf 86' lang='lat' dir='ltr'>constituta,</span> <span class='ocrx_word' id='word_1_55' title='bbox 1040 1405 1129 1476; x_wconf 85' lang='lat' dir='ltr'>eritb</span> <span class='ocrx_word' id='word_1_56' title='bbox 1158 1433 1179 1475; x_wconf 88' lang='lat' dir='ltr'>a</span> <span class='ocrx_word' id='word_1_57' title='bbox 1201 1433 1272 1497; x_wconf 89' lang='lat' dir='ltr'>per-</span> 
     </span>
     <span class='ocr_line' id='line_1_11' title="bbox 153 1502 775 1567; baseline -0.003 -1"><span class='ocrx_word' id='word_1_58' title='bbox 153 1523 289 1567; x_wconf 88' lang='lat' dir='ltr'>cussore</span> <span class='ocrx_word' id='word_1_59' title='bbox 314 1503 454 1566; x_wconf 90' lang='lat' dir='ltr'>domino</span> <span class='ocrx_word' id='word_1_60' title='bbox 478 1502 566 1566; x_wconf 88' lang='lat' dir='ltr'>servi</span> <span class='ocrx_word' id='word_1_61' title='bbox 589 1502 775 1566; x_wconf 86' lang='lat' dir='ltr'>reddenda.</span> 
     </span>
    </p>
   </div>
   <div class='ocr_carea' id='block_1_6' title="bbox 258 1688 1160 1748">
    <p class='ocr_par' dir='ltr' id='par_1_6' title="bbox 258 1688 1160 1748">
     <span class='ocr_line' id='line_1_12' title="bbox 258 1688 1160 1748; baseline 0 -3"><span class='ocrx_word' id='word_1_62' title='bbox 258 1691 293 1748; x_wconf 91' lang='lat' dir='ltr'>X.</span> <span class='ocrx_word' id='word_1_63' title='bbox 324 1690 494 1746; x_wconf 79' lang='lat' dir='ltr'>FLAVIUS</span> <span class='ocrx_word' id='word_1_64' title='bbox 513 1689 727 1745; x_wconf 84' lang='lat' dir='ltr'>GLORIOSUS</span> <span class='ocrx_word' id='word_1_65' title='bbox 745 1688 1054 1745; x_wconf 74' lang='lat' dir='ltr'>Ruooussvrnbus</span> <span class='ocrx_word' id='word_1_66' title='bbox 1072 1689 1160 1745; x_wconf 75' lang='lat' dir='ltr'>REX.</span> 
     </span>
    </p>
   </div>
   <div class='ocr_carea' id='block_1_7' title="bbox 204 1802 1216 1956">
    <p class='ocr_par' dir='ltr' id='par_1_7' title="bbox 204 1802 1216 1956">
     <span class='ocr_line' id='line_1_13' title="bbox 204 1802 1216 1886; baseline -0.003 -19"><span class='ocrx_word' id='word_1_67' title='bbox 204 1803 247 1867; x_wconf 82' lang='lat' dir='ltr'>si</span> <span class='ocrx_word' id='word_1_68' title='bbox 281 1824 432 1868; x_wconf 89' lang='lat' dir='ltr'>servus</span> <span class='ocrx_word' id='word_1_69' title='bbox 467 1804 705 1885; x_wconf 86' lang='lat' dir='ltr'>ingenuum</span> <span class='ocrx_word' id='word_1_70' title='bbox 740 1802 916 1866; x_wconf 85' lang='lat' dir='ltr'>casibus</span> <span class='ocrx_word' id='word_1_71' title='bbox 950 1802 1216 1886; x_wconf 87' lang='lat' dir='ltr'>prescriptis</span> 
     </span>
     <span class='ocr_line' id='line_1_14' title="bbox 616 1891 803 1956; baseline -0.005 -2"><span class='ocrx_word' id='word_1_72' title='bbox 616 1891 803 1956; x_wconf 87' lang='lat' dir='ltr'>occidat.</span> 
     </span>
    </p>
   </div>
   <div class='ocr_carea' id='block_1_8' title="bbox 150 1995 1272 2433">
    <p class='ocr_par' dir='ltr' id='par_1_8' title="bbox 150 1995 1272 2433">
     <span class='ocr_line' id='line_1_15' title="bbox 258 1995 1272 2081; baseline -0.004 -19"><span class='ocrx_word' id='word_1_73' title='bbox 258 1999 295 2062; x_wconf 78' lang='lat' dir='ltr'>si</span> <span class='ocrx_word' id='word_1_74' title='bbox 333 2019 449 2063; x_wconf 89' lang='lat' dir='ltr'>servus</span> <span class='ocrx_word' id='word_1_75' title='bbox 488 1999 678 2081; x_wconf 86' lang='lat' dir='ltr'>ingenuum</span> <span class='ocrx_word' id='word_1_76' title='bbox 716 2018 786 2060; x_wconf 90' lang='lat' dir='ltr'>non</span> <span class='ocrx_word' id='word_1_77' title='bbox 824 1995 1029 2073; x_wconf 80' lang='lat' dir='ltr'>volumtate,</span> <span class='ocrx_word' id='word_1_78' title='bbox 1070 1996 1131 2059; x_wconf 88' lang='lat' dir='ltr'>sed</span> <span class='ocrx_word' id='word_1_79' title='bbox 1169 2016 1272 2079; x_wconf 91' lang='lat' dir='ltr'>supra</span> 
     </span>
     <span class='ocr_line' id='line_1_16' title="bbox 150 2084 1271 2170; baseline -0.003 -20"><span class='ocrx_word' id='word_1_80' title='bbox 150 2087 287 2170; x_wconf 91' lang='lat' dir='ltr'>scriptis</span> <span class='ocrx_word' id='word_1_81' title='bbox 322 2087 457 2151; x_wconf 86' lang='lat' dir='ltr'>casibus</span> <span class='ocrx_word' id='word_1_82' title='bbox 492 2087 634 2150; x_wconf 89' lang='lat' dir='ltr'>diversis</span> <span class='ocrx_word' id='word_1_83' title='bbox 669 2084 848 2160; x_wconf 88' lang='lat' dir='ltr'>occiderit,</span> <span class='ocrx_word' id='word_1_84' title='bbox 887 2103 963 2147; x_wconf 87' lang='lat' dir='ltr'>cam</span> <span class='ocrx_word' id='word_1_85' title='bbox 1000 2084 1271 2166; x_wconf 88' lang='lat' dir='ltr'>conpositionem</span> 
     </span>
     <span class='ocr_line' id='line_1_17' title="bbox 151 2172 1271 2257; baseline -0.003 -19"><span class='ocrx_word' id='word_1_86' title='bbox 151 2175 301 2252; x_wconf 84' lang='lat' dir='ltr'>exolvat,</span> <span class='ocrx_word' id='word_1_87' title='bbox 338 2196 403 2257; x_wconf 93' lang='lat' dir='ltr'>que</span> <span class='ocrx_word' id='word_1_88' title='bbox 439 2176 481 2239; x_wconf 88' lang='lat' dir='ltr'>de</span> <span class='ocrx_word' id='word_1_89' title='bbox 516 2173 675 2257; x_wconf 86' lang='lat' dir='ltr'>ingenuis</span> <span class='ocrx_word' id='word_1_90' title='bbox 711 2193 792 2236; x_wconf 87' lang='lat' dir='ltr'>casu</span> <span class='ocrx_word' id='word_1_91' title='bbox 824 2172 1086 2236; x_wconf 87' lang='lat' dir='ltr'>hoccidentibus</span> <span class='ocrx_word' id='word_1_92' title='bbox 1117 2173 1271 2256; x_wconf 88' lang='lat' dir='ltr'>superior</span> 
     </span>
     <span class='ocr_line' id='line_1_18' title="bbox 151 2261 1270 2345; baseline -0.001 -18"><span class='ocrx_word' id='word_1_93' title='bbox 151 2264 324 2327; x_wconf 86' lang='lat' dir='ltr'>sententia</span> <span class='ocrx_word' id='word_1_94' title='bbox 346 2266 454 2325; x_wconf 89' lang='lat' dir='ltr'>taxat.</span> <span class='ocrx_word' id='word_1_95' title='bbox 502 2261 602 2342; x_wconf 79' lang='lat' dir='ltr'>Quod</span> <span class='ocrx_word' id='word_1_96' title='bbox 625 2262 655 2325; x_wconf 84' lang='lat' dir='ltr'>si</span> <span class='ocrx_word' id='word_1_97' title='bbox 678 2261 837 2326; x_wconf 91' lang='lat' dir='ltr'>dominus</span> <span class='ocrx_word' id='word_1_98' title='bbox 865 2282 926 2345; x_wconf 90' lang='lat' dir='ltr'>pro</span> <span class='ocrx_word' id='word_1_99' title='bbox 954 2281 1050 2325; x_wconf 89' lang='lat' dir='ltr'>servo</span> <span class='ocrx_word' id='word_1_100' title='bbox 1078 2281 1270 2345; x_wconf 87' lang='lat' dir='ltr'>conponere</span> 
     </span>
     <span class='ocr_line' id='line_1_19' title="bbox 150 2349 939 2433; baseline -0.003 -19"><span class='ocrx_word' id='word_1_101' title='bbox 150 2351 311 2429; x_wconf 89' lang='lat' dir='ltr'>noluerit,</span> <span class='ocrx_word' id='word_1_102' title='bbox 336 2371 416 2415; x_wconf 84' lang='lat' dir='ltr'>mox</span> <span class='ocrx_word' id='word_1_103' title='bbox 438 2372 573 2416; x_wconf 87' lang='lat' dir='ltr'>servum</span> <span class='ocrx_word' id='word_1_104' title='bbox 596 2351 733 2414; x_wconf 87' lang='lat' dir='ltr'>tradere</span> <span class='ocrx_word' id='word_1_105' title='bbox 756 2349 939 2433; x_wconf 88' lang='lat' dir='ltr'>oportebit.</span> 
     </span>
    </p>
   </div>
   <div class='ocr_carea' id='block_1_9' title="bbox 551 2519 866 2590">
    <p class='ocr_par' dir='ltr' id='par_1_9' title="bbox 551 2519 866 2590">
     <span class='ocr_line' id='line_1_20' title="bbox 551 2519 866 2590; baseline 0.003 -14"><span class='ocrx_word' id='word_1_106' title='bbox 551 2521 625 2578; x_wconf 61' lang='lat' dir='ltr'>xrs</span> <span class='ocrx_word' id='word_1_107' title='bbox 653 2519 866 2590; x_wconf 62' lang='lat' dir='ltr'>armanni.</span> 
     </span>
    </p>
   </div>
   <div class='ocr_carea' id='block_1_10' title="bbox 298 2628 1117 2718">
    <p class='ocr_par' dir='ltr' id='par_1_10' title="bbox 298 2628 1117 2718">
     <span class='ocr_line' id='line_1_21' title="bbox 298 2628 1117 2718; baseline -0.005 -19"><span class='ocrx_word' id='word_1_108' title='bbox 298 2635 341 2699; x_wconf 85' lang='lat' dir='ltr'>si</span> <span class='ocrx_word' id='word_1_109' title='bbox 372 2637 518 2699; x_wconf 77' lang='lat' dir='ltr'>homo⁰</span> <span class='ocrx_word' id='word_1_110' title='bbox 551 2635 817 2718; x_wconf 71' lang='lat' dir='ltr'>volumtarie</span> <span class='ocrx_word' id='word_1_111' title='bbox 848 2628 1117 2698; x_wconf 71' lang='lat' dir='ltr'>occidaturl.</span> 
     </span>
    </p>
   </div>
   <div class='ocr_carea' id='block_1_11' title="bbox 151 2740 1271 2914">
    <p class='ocr_par' dir='ltr' id='par_1_11' title="bbox 151 2740 1271 2914">
     <span class='ocr_line' id='line_1_22' title="bbox 257 2740 1271 2819; baseline -0.004 -13"><span class='ocrx_word' id='word_1_112' title='bbox 257 2741 376 2806; x_wconf 89' lang='lat' dir='ltr'>Omnis</span> <span class='ocrx_word' id='word_1_113' title='bbox 407 2743 524 2819; x_wconf 83' lang='lat' dir='ltr'>home,</span> <span class='ocrx_word' id='word_1_114' title='bbox 561 2742 589 2806; x_wconf 87' lang='lat' dir='ltr'>si</span> <span class='ocrx_word' id='word_1_115' title='bbox 619 2741 825 2818; x_wconf 81' lang='lat' dir='ltr'>volumtate,</span> <span class='ocrx_word' id='word_1_116' title='bbox 861 2762 931 2804; x_wconf 89' lang='lat' dir='ltr'>non</span> <span class='ocrx_word' id='word_1_117' title='bbox 967 2761 1049 2805; x_wconf 88' lang='lat' dir='ltr'>casu</span> <span class='ocrx_word' id='word_1_118' title='bbox 1080 2740 1271 2805; x_wconf 85' lang='lat' dir='ltr'>hocciderit</span> 
     </span>
     <span class='ocr_line' id='line_1_23' title="bbox 151 2830 829 2914; baseline -0.004 -21"><span class='ocrx_word' id='word_1_119' title='bbox 151 2831 334 2907; x_wconf 89' lang='lat' dir='ltr'>hominem,</span> <span class='ocrx_word' id='word_1_120' title='bbox 359 2851 420 2914; x_wconf 91' lang='lat' dir='ltr'>pro</span> <span class='ocrx_word' id='word_1_121' title='bbox 445 2830 631 2894; x_wconf 89' lang='lat' dir='ltr'>homicidio</span> <span class='ocrx_word' id='word_1_122' title='bbox 654 2830 829 2914; x_wconf 88' lang='lat' dir='ltr'>puniatur.</span> 
     </span>
    </p>
   </div>
   <div class='ocr_carea' id='block_1_12' title="bbox 328 2998 1087 3055">
    <p class='ocr_par' dir='ltr' id='par_1_12' title="bbox 328 2998 1087 3055">
     <span class='ocr_line' id='line_1_24' title="bbox 328 2998 1087 3055; baseline 0.001 -2"><span class='ocrx_word' id='word_1_123' title='bbox 328 2999 417 3055; x_wconf 72' lang='lat' dir='ltr'>XII.a</span> <span class='ocrx_word' id='word_1_124' title='bbox 448 2998 618 3054; x_wconf 81' lang='lat' dir='ltr'>FLAVIUS</span> <span class='ocrx_word' id='word_1_125' title='bbox 638 2998 976 3055; x_wconf 73' lang='lat' dir='ltr'>CHINDASWNDUSb</span> <span class='ocrx_word' id='word_1_126' title='bbox 999 2999 1087 3054; x_wconf 81' lang='lat' dir='ltr'><strong>REX.</strong></span> 
     </span>
    </p>
   </div>
   <div class='ocr_carea' id='block_1_13' title="bbox 151 3111 1271 3281">
    <p class='ocr_par' dir='ltr' id='par_1_13' title="bbox 151 3111 1271 3281">
     <span class='ocr_line' id='line_1_25' title="bbox 151 3111 1271 3175; baseline 0 -1"><span class='ocrx_word' id='word_1_127' title='bbox 151 3111 211 3175; x_wconf 90' lang='lat' dir='ltr'>Ne</span> <span class='ocrx_word' id='word_1_128' title='bbox 243 3112 408 3174; x_wconf 90' lang='lat' dir='ltr'>domini</span> <span class='ocrx_word' id='word_1_129' title='bbox 439 3114 562 3175; x_wconf 89' lang='lat' dir='ltr'>extra</span> <span class='ocrx_word' id='word_1_130' title='bbox 596 3112 787 3175; x_wconf 90' lang='lat' dir='ltr'>iudicem</span> <span class='ocrx_word' id='word_1_131' title='bbox 822 3131 970 3175; x_wconf 90' lang='lat' dir='ltr'>servos</span> <span class='ocrx_word' id='word_1_132' title='bbox 1000 3131 1099 3174; x_wconf 88' lang='lat' dir='ltr'>suos</span> <span class='ocrx_word' id='word_1_133' title='bbox 1131 3111 1271 3174; x_wconf 88' lang='lat' dir='ltr'>hocci-</span> 
     </span>
     <span class='ocr_line' id='line_1_26' title="bbox 220 3199 1203 3281; baseline -0.002 -19"><span class='ocrx_word' id='word_1_134' title='bbox 220 3200 341 3274; x_wconf 88' lang='lat' dir='ltr'>dant,</span> <span class='ocrx_word' id='word_1_135' title='bbox 372 3202 414 3263; x_wconf 91' lang='lat' dir='ltr'>et</span> <span class='ocrx_word' id='word_1_136' title='bbox 441 3200 477 3263; x_wconf 91' lang='lat' dir='ltr'>si</span> <span class='ocrx_word' id='word_1_137' title='bbox 504 3200 723 3281; x_wconf 85' lang='lat' dir='ltr'>ingenuus</span> <span class='ocrx_word' id='word_1_138' title='bbox 751 3199 928 3263; x_wconf 87' lang='lat' dir='ltr'>occidat</span> <span class='ocrx_word' id='word_1_139' title='bbox 957 3199 1203 3281; x_wconf 84' lang='lat' dir='ltr'>ingenuum.</span> 
     </span>
    </p>
   </div>
   <div class='ocr_carea' id='block_1_14' title="bbox 152 3305 1273 3567">
    <p class='ocr_par' dir='ltr' id='par_1_14' title="bbox 152 3305 1273 3567">
     <span class='ocr_line' id='line_1_27' title="bbox 260 3305 1272 3388; baseline 0.001 -19"><span class='ocrx_word' id='word_1_140' title='bbox 260 3305 318 3369; x_wconf 77' lang='lat' dir='ltr'>si2</span> <span class='ocrx_word' id='word_1_141' title='bbox 334 3306 486 3369; x_wconf 90' lang='lat' dir='ltr'>criminis</span> <span class='ocrx_word' id='word_1_142' title='bbox 502 3306 645 3388; x_wconf 86' lang='lat' dir='ltr'>quisque</span> <span class='ocrx_word' id='word_1_143' title='bbox 660 3325 738 3369; x_wconf 91' lang='lat' dir='ltr'>reus</span> <span class='ocrx_word' id='word_1_144' title='bbox 756 3305 812 3368; x_wconf 91' lang='lat' dir='ltr'>vel</span> <span class='ocrx_word' id='word_1_145' title='bbox 834 3305 979 3369; x_wconf 81' lang='lat' dir='ltr'>nefandi</span> <span class='ocrx_word' id='word_1_146' title='bbox 1002 3305 1138 3369; x_wconf 88' lang='lat' dir='ltr'>consilii</span> <span class='ocrx_word' id='word_1_147' title='bbox 1161 3307 1272 3370; x_wconf 89' lang='lat' dir='ltr'>socius</span> 
     </span>
     <span class='ocr_line' id='line_1_28' title="bbox 152 3393 1272 3479; baseline -0.001 -21"><span class='ocrx_word' id='word_1_148' title='bbox 152 3415 369 3476; x_wconf 85' lang='lat' dir='ltr'>nequaquam</span> <span class='ocrx_word' id='word_1_149' title='bbox 399 3395 503 3459; x_wconf 89' lang='lat' dir='ltr'>debet</span> <span class='ocrx_word' id='word_1_150' title='bbox 533 3394 703 3458; x_wconf 88' lang='lat' dir='ltr'>indemnis</span> <span class='ocrx_word' id='word_1_151' title='bbox 733 3393 891 3476; x_wconf 91' lang='lat' dir='ltr'>relinqui,</span> <span class='ocrx_word' id='word_1_152' title='bbox 922 3397 1053 3477; x_wconf 87' lang='lat' dir='ltr'>quanto</span> <span class='ocrx_word' id='word_1_153' title='bbox 1076 3395 1185 3479; x_wconf 85' lang='lat' dir='ltr'>magis</span> <span class='ocrx_word' id='word_1_154' title='bbox 1212 3394 1272 3477; x_wconf 86' lang='lat' dir='ltr'>qui</span> 
     </span>
     <span class='ocr_line' id='line_1_29' title="bbox 152 3483 1273 3567; baseline 0 -21"><span class='ocrx_word' id='word_1_155' title='bbox 152 3504 194 3547; x_wconf 84' lang='lat' dir='ltr'>ex</span> <span class='ocrx_word' id='word_1_156' title='bbox 216 3483 345 3546; x_wconf 89' lang='lat' dir='ltr'>istudio</span> <span class='ocrx_word' id='word_1_157' title='bbox 368 3483 500 3548; x_wconf 87' lang='lat' dir='ltr'>malitie</span> <span class='ocrx_word' id='word_1_158' title='bbox 523 3485 733 3547; x_wconf 88' lang='lat' dir='ltr'>temeranter</span> <span class='ocrx_word' id='word_1_159' title='bbox 749 3483 973 3547; x_wconf 90' lang='lat' dir='ltr'>homicidium</span> <span class='ocrx_word' id='word_1_160' title='bbox 989 3483 1180 3547; x_wconf 89' lang='lat' dir='ltr'>dinoscitur</span> <span class='ocrx_word' id='word_1_161' title='bbox 1202 3503 1273 3567; x_wconf 88' lang='lat' dir='ltr'>per·</span> 
     </span>
    </p>
   </div>
   <div class='ocr_carea' id='block_1_15' title="bbox 152 3674 1274 4202">
    <p class='ocr_par' dir='ltr' id='par_1_15' title="bbox 259 3674 397 3720">
     <span class='ocr_line' id='line_1_30' title="bbox 259 3674 397 3720; baseline 0.007 -8"><span class='ocrx_word' id='word_1_162' title='bbox 259 3676 280 3720; x_wconf 90' lang='lat' dir='ltr'>c)</span> <span class='ocrx_word' id='word_1_163' title='bbox 294 3674 338 3712; x_wconf 83' lang='lat' dir='ltr'>Dei</span> <span class='ocrx_word' id='word_1_164' title='bbox 352 3674 397 3717; x_wconf 73' lang='lat' dir='ltr'>Rs.</span> 
     </span>
    </p>

    <p class='ocr_par' dir='ltr' id='par_1_16' title="bbox 152 3724 1274 4042">
     <span class='ocr_line' id='line_1_31' title="bbox 260 3724 1274 3776; baseline -0.003 -9"><span class='ocrx_word' id='word_1_165' title='bbox 260 3727 335 3770; x_wconf 85' lang='lat' dir='ltr'>VIIII.</span> <span class='ocrx_word' id='word_1_166' title='bbox 356 3728 381 3768; x_wconf 86' lang='lat' dir='ltr'>X.</span> <span class='ocrx_word' id='word_1_167' title='bbox 423 3727 506 3766; x_wconf 74' lang='lat' dir='ltr'>Auctor</span> <span class='ocrx_word' id='word_1_168' title='bbox 520 3727 599 3765; x_wconf 59' lang='lat' dir='ltr'>erdale</span> <span class='ocrx_word' id='word_1_169' title='bbox 612 3727 650 3766; x_wconf 83' lang='lat' dir='ltr'>Rl</span> <span class='ocrx_word' id='word_1_170' title='bbox 666 3737 741 3766; x_wconf 84' lang='lat' dir='ltr'>errore</span> <span class='ocrx_word' id='word_1_171' title='bbox 754 3727 870 3775; x_wconf 69' lang='lat' dir='ltr'>manifesto</span> <span class='ocrx_word' id='word_1_172' title='bbox 885 3738 899 3765; x_wconf 84' lang='lat' dir='ltr'><strong><em>a</em></strong></span> <span class='ocrx_word' id='word_1_173' title='bbox 913 3727 976 3766; x_wconf 81' lang='lat' dir='ltr'>verbo</span> <span class='ocrx_word' id='word_1_174' title='bbox 992 3724 1102 3767; x_wconf 80' lang='lat' dir='ltr'>occiderit</span> <span class='ocrx_word' id='word_1_175' title='bbox 1119 3727 1197 3776; x_wconf 73' lang='lat' dir='ltr'>eapitis</span> <span class='ocrx_word' id='word_1_176' title='bbox 1210 3728 1229 3769; x_wconf 89' lang='lat'>9.</span> <span class='ocrx_word' id='word_1_177' title='bbox 1244 3727 1274 3765; x_wconf 82' lang='lat' dir='ltr'>ad</span> 
     </span>
     <span class='ocr_line' id='line_1_32' title="bbox 152 3778 1274 3830; baseline 0.001 -11"><span class='ocrx_word' id='word_1_178' title='bbox 152 3792 186 3829; x_wconf 80' lang='lat' dir='ltr'>eu,</span> <span class='ocrx_word' id='word_1_179' title='bbox 201 3781 324 3830; x_wconf 67' lang='lat' dir='ltr'>quaererem</span> <span class='ocrx_word' id='word_1_180' title='bbox 339 3781 425 3819; x_wconf 76' lang='lat' dir='ltr'>veroum</span> <span class='ocrx_word' id='word_1_181' title='bbox 440 3778 550 3820; x_wconf 82' lang='lat' dir='ltr'>occiderit</span> <span class='ocrx_word' id='word_1_182' title='bbox 568 3781 591 3818; x_wconf 74' lang='lat' dir='ltr'>ln</span> <span class='ocrx_word' id='word_1_183' title='bbox 605 3781 675 3829; x_wconf 70' lang='lat' dir='ltr'>capite</span> <span class='ocrx_word' id='word_1_184' title='bbox 689 3781 721 3822; x_wconf 87' lang='lat'>10.</span> <span class='ocrx_word' id='word_1_185' title='bbox 734 3784 859 3830; x_wconf 79' lang='lat' dir='ltr'>sequuntur,</span> <span class='ocrx_word' id='word_1_186' title='bbox 878 3781 1003 3830; x_wconf 66' lang='lat' dir='ltr'>transfluit,-</span> <span class='ocrx_word' id='word_1_187' title='bbox 1021 3792 1062 3829; x_wconf 78' lang='lat' dir='ltr'>quo</span> <span class='ocrx_word' id='word_1_188' title='bbox 1075 3782 1136 3828; x_wconf 73' lang='lat' dir='ltr'>facto</span> <span class='ocrx_word' id='word_1_189' title='bbox 1150 3781 1214 3819; x_wconf 80' lang='lat' dir='ltr'>cerba</span> <span class='ocrx_word' id='word_1_190' title='bbox 1229 3791 1274 3820; x_wconf 85' lang='lat' dir='ltr'>me·</span> 
     </span>
     <span class='ocr_line' id='line_1_33' title="bbox 153 3831 1273 3883; baseline 0 -11"><span class='ocrx_word' id='word_1_191' title='bbox 153 3832 226 3873; x_wconf 73' lang='lat' dir='ltr'>dictur</span> <span class='ocrx_word' id='word_1_192' title='bbox 245 3835 323 3881; x_wconf 79' lang='lat' dir='ltr'>cupitis</span> <span class='ocrx_word' id='word_1_193' title='bbox 336 3834 355 3875; x_wconf 82' lang='grc'>9.</span> <span class='ocrx_word' id='word_1_194' title='bbox 374 3844 439 3883; x_wconf 79' lang='lat' dir='ltr'>usque</span> <span class='ocrx_word' id='word_1_195' title='bbox 457 3831 566 3873; x_wconf 84' lang='lat' dir='ltr'>occiderit</span> <span class='ocrx_word' id='word_1_196' title='bbox 587 3834 665 3882; x_wconf 75' lang='lat' dir='ltr'>captur</span> <span class='ocrx_word' id='word_1_197' title='bbox 679 3833 711 3876; x_wconf 88' lang='lat'>10.</span> <span class='ocrx_word' id='word_1_198' title='bbox 730 3835 811 3875; x_wconf 78' lang='lat' dir='ltr'>desunt.</span> <span class='ocrx_word' id='word_1_199' title='bbox 843 3833 912 3882; x_wconf 79' lang='lat' dir='ltr'>Caput</span> <span class='ocrx_word' id='word_1_200' title='bbox 927 3834 959 3876; x_wconf 86' lang='lat'>10,</span> <span class='ocrx_word' id='word_1_201' title='bbox 978 3837 1048 3872; x_wconf 83' lang='lat' dir='ltr'>autem</span> <span class='ocrx_word' id='word_1_202' title='bbox 1066 3835 1129 3882; x_wconf 74' lang='lat' dir='ltr'>{nfra</span> <span class='ocrx_word' id='word_1_203' title='bbox 1149 3835 1178 3872; x_wconf 84' lang='lat' dir='ltr'>ad</span> <span class='ocrx_word' id='word_1_204' title='bbox 1196 3835 1273 3872; x_wconf 81' lang='lat' dir='ltr'>calcem</span> 
     </span>
     <span class='ocr_line' id='line_1_34' title="bbox 152 3887 1274 3936; baseline -0.001 -11"><span class='ocrx_word' id='word_1_205' title='bbox 152 3888 232 3925; x_wconf 72' lang='lat' dir='ltr'>codicis</span> <span class='ocrx_word' id='word_1_206' title='bbox 246 3888 275 3928; x_wconf 81' lang='lat' dir='ltr'>al.</span> <span class='ocrx_word' id='word_1_207' title='bbox 290 3898 317 3929; x_wconf 86' lang='lat' dir='ltr'>m.</span> <span class='ocrx_word' id='word_1_208' title='bbox 331 3891 384 3935; x_wconf 81' lang='lat' dir='ltr'>poet</span> <span class='ocrx_word' id='word_1_209' title='bbox 399 3887 497 3925; x_wconf 72' lang='lat' dir='ltr'>additum</span> <span class='ocrx_word' id='word_1_210' title='bbox 512 3889 621 3935; x_wconf 70' lang='lat' dir='ltr'>repetitur.</span> <span class='ocrx_word' id='word_1_211' title='bbox 649 3887 677 3925; x_wconf 87' lang='lat' dir='ltr'>In</span> <span class='ocrx_word' id='word_1_212' title='bbox 697 3887 768 3925; x_wconf 70' lang='lat' dir='ltr'>codice</span> <span class='ocrx_word' id='word_1_213' title='bbox 781 3888 822 3925; x_wconf 68' lang='lat'>122</span> <span class='ocrx_word' id='word_1_214' title='bbox 841 3887 914 3936; x_wconf 71' lang='lat' dir='ltr'>capita</span> <span class='ocrx_word' id='word_1_215' title='bbox 928 3888 948 3928; x_wconf 83' lang='lat'>9.</span> <span class='ocrx_word' id='word_1_216' title='bbox 963 3891 982 3925; x_wconf 79' lang='lat' dir='ltr'>et</span> <span class='ocrx_word' id='word_1_217' title='bbox 997 3888 1029 3929; x_wconf 84' lang='lat'>10.</span> <span class='ocrx_word' id='word_1_218' title='bbox 1047 3891 1129 3927; x_wconf 80' lang='lat' dir='ltr'>mutato</span> <span class='ocrx_word' id='word_1_219' title='bbox 1149 3888 1225 3926; x_wconf 79' lang='lat' dir='ltr'>ordine</span> <span class='ocrx_word' id='word_1_220' title='bbox 1242 3887 1274 3925; x_wconf 70' lang='lat' dir='ltr'>ita</span> 
     </span>
     <span class='ocr_line' id='line_1_35' title="bbox 153 3940 1274 3990; baseline 0.004 -13"><span class='ocrx_word' id='word_1_221' title='bbox 153 3941 260 3989; x_wconf 68' lang='lat' dir='ltr'>lequntur,</span> <span class='ocrx_word' id='word_1_222' title='bbox 279 3944 302 3977; x_wconf 81' lang='lat' dir='ltr'>ut</span> <span class='ocrx_word' id='word_1_223' title='bbox 320 3945 384 3987; x_wconf 80' lang='lat' dir='ltr'>caput</span> <span class='ocrx_word' id='word_1_224' title='bbox 399 3941 430 3982; x_wconf 90' lang='lat'>10.</span> <span class='ocrx_word' id='word_1_225' title='bbox 448 3941 487 3979; x_wconf 79' lang='lat' dir='ltr'>sub</span> <span class='ocrx_word' id='word_1_226' title='bbox 506 3951 594 3980; x_wconf 83' lang='lat' dir='ltr'>numero</span> <span class='ocrx_word' id='word_1_227' title='bbox 609 3940 677 3980; x_wconf 88' lang='lat' dir='ltr'>vl111</span> <span class='ocrx_word' id='word_1_228' title='bbox 695 3940 830 3988; x_wconf 73' lang='lat' dir='ltr'>exhibeatur,</span> <span class='ocrx_word' id='word_1_229' title='bbox 849 3944 914 3988; x_wconf 80' lang='lat' dir='ltr'>eaput</span> <span class='ocrx_word' id='word_1_230' title='bbox 927 3941 946 3982; x_wconf 89' lang='lat'>9.</span> <span class='ocrx_word' id='word_1_231' title='bbox 964 3941 1003 3979; x_wconf 74' lang='lat' dir='ltr'>suo</span> <span class='ocrx_word' id='word_1_232' title='bbox 1021 3951 1110 3980; x_wconf 80' lang='lat' dir='ltr'>numero</span> <span class='ocrx_word' id='word_1_233' title='bbox 1128 3941 1147 3979; x_wconf 87' lang='lat' dir='ltr'>X</span> <span class='ocrx_word' id='word_1_234' title='bbox 1165 3944 1274 3990; x_wconf 74' lang='lat' dir='ltr'>sequatur.</span> 
     </span>
     <span class='ocr_line' id='line_1_36' title="bbox 153 3994 739 4042; baseline 0 -12"><span class='ocrx_word' id='word_1_235' title='bbox 153 3994 222 4042; x_wconf 71' lang='lat' dir='ltr'>eaput</span> <span class='ocrx_word' id='word_1_236' title='bbox 236 3995 249 4032; x_wconf 90' lang='grc'>9</span> <span class='ocrx_word' id='word_1_237' title='bbox 263 3994 352 4038; x_wconf 73' lang='lat' dir='ltr'>(codicis</span> <span class='ocrx_word' id='word_1_238' title='bbox 366 3995 396 4042; x_wconf 83' lang='lat' dir='ltr'>X)</span> <span class='ocrx_word' id='word_1_239' title='bbox 413 3994 552 4041; x_wconf 59' lang='lat' dir='ltr'>inscriptione</span> <span class='ocrx_word' id='word_1_240' title='bbox 566 3995 661 4032; x_wconf 73' lang='lat' dir='ltr'>auctoris</span> <span class='ocrx_word' id='word_1_241' title='bbox 675 3997 739 4035; x_wconf 57' lang='lat' dir='ltr'>earet,</span> 
     </span>
    </p>

    <p class='ocr_par' dir='ltr' id='par_1_17' title="bbox 260 4046 873 4097">
     <span class='ocr_line' id='line_1_37' title="bbox 260 4046 873 4097; baseline 0.003 -12"><span class='ocrx_word' id='word_1_242' title='bbox 260 4047 335 4088; x_wconf 86' lang='lat' dir='ltr'>VIIII.</span> <span class='ocrx_word' id='word_1_243' title='bbox 376 4047 398 4097; x_wconf 78' lang='lat' dir='ltr'>a)</span> <span class='ocrx_word' id='word_1_244' title='bbox 412 4046 444 4084; x_wconf 70' lang='lat' dir='ltr'>ila</span> <span class='ocrx_word' id='word_1_245' title='bbox 458 4047 507 4088; x_wconf 67' lang='grc' dir='ltr'>ΒΞ,</span> <span class='ocrx_word' id='word_1_246' title='bbox 521 4047 547 4089; x_wconf 80' lang='grc' dir='ltr'>Ε,</span> <span class='ocrx_word' id='word_1_247' title='bbox 600 4047 624 4093; x_wconf 92' lang='lat' dir='ltr'>b)</span> <span class='ocrx_word' id='word_1_248' title='bbox 637 4047 669 4084; x_wconf 75' lang='lat' dir='ltr'>ita</span> <span class='ocrx_word' id='word_1_249' title='bbox 683 4047 737 4094; x_wconf 79' lang='grc' dir='ltr'><strong>Ε1,·</strong></span> <span class='ocrx_word' id='word_1_250' title='bbox 755 4046 873 4088; x_wconf 68' lang='lat' dir='ltr'>dentre.</span> 
     </span>
    </p>

    <p class='ocr_par' dir='ltr' id='par_1_18' title="bbox 260 4097 1274 4148">
     <span class='ocr_line' id='line_1_38' title="bbox 260 4097 1274 4148; baseline 0.004 -11"><span class='ocrx_word' id='word_1_251' title='bbox 260 4099 298 4140; x_wconf 82' lang='lat' dir='ltr'>XI.</span> <span class='ocrx_word' id='word_1_252' title='bbox 339 4101 361 4146; x_wconf 77' lang='lat' dir='ltr'>a)</span> <span class='ocrx_word' id='word_1_253' title='bbox 375 4100 394 4137; x_wconf 82' lang='grc' dir='ltr'><strong>Χ</strong></span> <span class='ocrx_word' id='word_1_254' title='bbox 408 4100 455 4141; x_wconf 74' lang='grc' dir='ltr'>ΕΙ.</span> <span class='ocrx_word' id='word_1_255' title='bbox 516 4099 538 4147; x_wconf 89' lang='lat' dir='ltr'>b)</span> <span class='ocrx_word' id='word_1_256' title='bbox 552 4101 609 4138; x_wconf 77' lang='lat' dir='ltr'>deest</span> <span class='ocrx_word' id='word_1_257' title='bbox 623 4100 671 4141; x_wconf 74' lang='lat' dir='ltr'>Rs.</span> <span class='ocrx_word' id='word_1_258' title='bbox 733 4102 753 4148; x_wconf 86' lang='lat' dir='ltr'>c)</span> <span class='ocrx_word' id='word_1_259' title='bbox 767 4101 877 4142; x_wconf 76' lang='lat' dir='ltr'>nonadd.</span> <span class='ocrx_word' id='word_1_260' title='bbox 892 4100 938 4142; x_wconf 71' lang='lat'>131.</span> <span class='ocrx_word' id='word_1_261' title='bbox 1006 4097 1030 4146; x_wconf 89' lang='lat' dir='ltr'>d)</span> <span class='ocrx_word' id='word_1_262' title='bbox 1045 4099 1141 4139; x_wconf 84' lang='lat' dir='ltr'>hominis</span> <span class='ocrx_word' id='word_1_263' title='bbox 1160 4100 1212 4141; x_wconf 81' lang='lat' dir='ltr'>add.</span> <span class='ocrx_word' id='word_1_264' title='bbox 1225 4101 1274 4142; x_wconf 68' lang='lat'>122.</span> 
     </span>
    </p>

    <p class='ocr_par' dir='ltr' id='par_1_19' title="bbox 261 4153 1037 4202">
     <span class='ocr_line' id='line_1_39' title="bbox 261 4153 1037 4202; baseline 0.004 -12"><span class='ocrx_word' id='word_1_265' title='bbox 261 4153 311 4195; x_wconf 80' lang='lat' dir='ltr'>xl1.</span> <span class='ocrx_word' id='word_1_266' title='bbox 352 4155 374 4199; x_wconf 82' lang='lat' dir='ltr'>a)</span> <span class='ocrx_word' id='word_1_267' title='bbox 388 4153 419 4191; x_wconf 83' lang='lat' dir='ltr'>XI</span> <span class='ocrx_word' id='word_1_268' title='bbox 434 4153 481 4195; x_wconf 84' lang='lat' dir='ltr'>Bl.</span> <span class='ocrx_word' id='word_1_269' title='bbox 535 4153 558 4200; x_wconf 91' lang='lat' dir='ltr'>b)</span> <span class='ocrx_word' id='word_1_270' title='bbox 572 4153 716 4202; x_wconf 74' lang='lat' dir='ltr'>gloriosus</span> <span class='ocrx_word' id='word_1_271' title='bbox 730 4153 973 4192; x_wconf 83' lang='lat' dir='ltr'>Recccsevlnthus</span> <span class='ocrx_word' id='word_1_272' title='bbox 988 4153 1037 4195; x_wconf 68' lang='grc' dir='ltr'>ΒΞ.</span> 
     </span>
    </p>
   </div>
   <div class='ocr_carea' id='block_1_16' title="bbox 155 4293 1275 4433">
    <p class='ocr_par' dir='ltr' id='par_1_20' title="bbox 155 4293 1275 4433">
     <span class='ocr_line' id='line_1_40' title="bbox 155 4293 1275 4433; baseline -0.003 -87"><span class='ocrx_word' id='word_1_273' title='bbox 155 4295 263 4433; x_wconf 50' lang='lat' dir='ltr'><em>W</em></span> <span class='ocrx_word' id='word_1_274' title='bbox 278 4295 335 4420; x_wconf 51' lang='lat' dir='ltr'>{gg</span> <span class='ocrx_word' id='word_1_275' title='bbox 353 4296 436 4359; x_wconf 85' lang='lat'>3,11.</span> <span class='ocrx_word' id='word_1_276' title='bbox 498 4294 525 4361; x_wconf 81' lang='lat'>2)</span> <span class='ocrx_word' id='word_1_277' title='bbox 544 4294 585 4358; x_wconf 79' lang='lat' dir='ltr'>Os.</span> <span class='ocrx_word' id='word_1_278' title='bbox 603 4295 641 4345; x_wconf 84' lang='lat' dir='ltr'>ad</span> <span class='ocrx_word' id='word_1_279' title='bbox 659 4293 728 4346; x_wconf 81' lang='lat' dir='ltr'>benc</span> <span class='ocrx_word' id='word_1_280' title='bbox 746 4301 769 4346; x_wconf 76' lang='lat' dir='ltr'>et</span> <span class='ocrx_word' id='word_1_281' title='bbox 787 4301 930 4361; x_wconf 77' lang='lat' dir='ltr'>sequentem</span> <span class='ocrx_word' id='word_1_282' title='bbox 950 4294 1030 4360; x_wconf 64' lang='lat' dir='ltr'>lenem</span> <span class='ocrx_word' id='word_1_283' title='bbox 1044 4293 1136 4359; x_wconf 78' lang='lat' dir='ltr'>Deba,</span> <span class='ocrx_word' id='word_1_284' title='bbox 1152 4294 1275 4359; x_wconf 71' lang='lat' dir='ltr'>‘Kdaiye’</span> 
     </span>
    </p>
   </div>
   <div class='ocr_carea' id='block_1_17' title="bbox 1010 4470 1061 4525">
    <p class='ocr_par' dir='ltr' id='par_1_21' title="bbox 1010 4470 1061 4525">
     <span class='ocr_line' id='line_1_41' title="bbox 1010 4470 1061 4525; baseline 0.02 -1"><span class='ocrx_word' id='word_1_285' title='bbox 1010 4470 1061 4525; x_wconf 81' lang='lat'>13*</span> 
     </span>
    </p>
   </div>
   <div class='ocr_carea' id='block_1_18' title="bbox 0 0 1508 4934">
    <p class='ocr_par' dir='ltr' id='par_1_22' title="bbox 0 0 1508 4934">
     <span class='ocr_line' id='line_1_42' title="bbox 0 0 1508 4934; baseline 0 0"><span class='ocrx_word' id='word_1_286' title='bbox 0 0 1508 4934; x_wconf 95' lang='lat' dir='ltr'> </span> 
     </span>
    </p>
   </div>
  </div>
 </body>
</html>
