3000 4934
332 355 388 411 IH.
425 355 548 410 INDEX
565 355 703 412 RERUM
721 357 771 410 ET
790 357 1014 415 VERBORUM.
1182 364 1233 416 357

107 533 247 587 institutio
266 537 316 602 903
335 533 402 602 legis
420 532 501 590 huius
519 533 654 587 institutio
691 534 759 587 iter:
784 535 838 587 iter
855 536 996 603 publicum
1016 537 1143 590 claudere
1168 541 1233 606 2513

145 607 196 670 idq
222 603 365 657 Romanae
390 604 465 672 leges
483 621 531 657 seu
550 605 654 658 alienae

145 675 331 729 institutiones
348 678 392 730 44.

107 746 307 800 instrumenta:
326 746 345 798 i.
362 745 460 798 mulini
473 745 575 798 ferrata
592 750 653 801 210.

148 844 179 862 =
194 821 311 884 acrsptc:
330 816 364 869 de
377 816 564 870 instrumentis
580 817 654 884 lega·

145 889 217 942 libus
235 892 285 956 273
310 888 492 940 instrumenta
517 890 654 940 cartarum

145 962 196 1016 85:
215 961 251 1024 cf.
271 962 430 1012 strumenta.

105 1031 240 1084 insultare
259 1033 320 1084 217.

106 1101 227 1155 intentio
254 1104 296 1156 54.
317 1104 359 1155 77.
385 1104 445 1155 199.
470 1103 539 1168 283;
565 1100 653 1153 inten-

144 1173 265 1226 tionibus
290 1174 367 1223 tutor
389 1170 472 1224 debet
496 1188 592 1238 parare
611 1188 653 1224 18-

145 1260 276 1312 sponsum
296 1245 356 1298 135.

107 1314 295 1368 intercedere:
330 1312 530 1366 intercedentes
562 1312 653 1365 clerici

107 1456 285 1524 interpellare
305 1457 364 1510 189.
383 1458 443 1509 231.
463 1457 524 1509 319.

109 1527 286 1595 interpositus
305 1529 394 1578 emtor
414 1528 472 1580 156.

108 1600 279 1668 interrogare
291 1600 374 1649 testes
391 1599 440 1663 523
460 1613 553 1649 servus
566 1599 594 1648 et
606 1613 652 1648 an-

726 605 755 657 in
782 606 879 658 itinere
910 607 1052 660 hominum
1081 608 1234 676 periculum

726 693 783 728 non
802 677 989 745 apparandum
1011 680 1060 747 ih.;
1088 679 1117 731 in
1135 679 1233 733 itinere

727 748 867 800 morientis
892 749 1028 801 volumtas
1052 753 1104 816 823
1129 750 1233 803 itineris

726 819 872 871 necessitas
896 823 943 888 61;
969 820 1106 887 quantitas
1128 821 1233 875 itineris

727 892 775 957 62;
807 907 913 957 servus,
942 891 989 957 qui
1016 890 1153 960 (fugitivo)
1181 892 1234 945 iter

726 961 889 1013 monstravit
912 964 979 1029 2633
1005 961 1034 1013 in
1053 962 1151 1015 itinere
1170 979 1232 1015 con·

726 1031 838 1083 stitutus
861 1035 922 1087 211.
946 1035 1007 1087 231.
1027 1036 1095 1100 234;
1120 1037 1233 1101 propter

726 1100 793 1153 furti
811 1102 990 1170 rapacitatem
1008 1104 1037 1155 in
1051 1104 1149 1158 itinere
1161 1105 1232 1172 posi-

725 1176 785 1224 tum
811 1173 935 1226 occidere
960 1178 1025 1241 197;
1048 1175 1076 1225 in
1100 1176 1118 1230 i.
1141 1193 1168 1243 p.
1192 1176 1233 1228 in-

725 1243 825 1296 iuriose
844 1244 961 1296 retinere
980 1248 1043 1312 1893
1062 1246 1116 1297 iter
1128 1247 1232 1314 agenti·

725 1314 776 1367 bus
796 1314 951 1382 adplicaudi
969 1316 1086 1382 spatium
1113 1332 1167 1369 non
1186 1334 1232 1370 ve·

725 1388 800 1437 tetur
817 1389 885 1454 2523
914 1386 931 1438 i.
951 1403 973 1439 a.
993 1403 1094 1454 pascua
1112 1404 1167 1439 non
1186 1404 1232 1440 ve·

725 1459 819 1508 tentur
836 1460 902 1523 2533
921 1457 939 1511 i.
953 1458 1093 1524 agentium
1105 1458 1232 1512 animalia

725 1526 760 1579 de
786 1527 888 1595 campis
910 1529 1069 1581 vacantibus
1095 1530 1232 1596 expellere

724 1602 784 1653 252.

144 1670 207 1723 cilla
219 1669 248 1722 in
260 1667 404 1721 tormentis
416 1667 578 1735 interrogati
592 1670 651 1722 178.
688 1669 790 1721 iterans
805 1685 860 1735 pro
878 1669 1016 1724 itinerans.

108 1740 272 1808 interruptio
297 1738 426 1792 tricennii
450 1740 517 1805 2853
543 1738 561 1790 1.
583 1741 652 1791 tem·
687 1739 826 1806 itinerans,
845 1740 946 1792 iterans
967 1745 1025 1796 189.
1044 1744 1105 1796 231.

143 1811 219 1880 poris
236 1813 306 1878 2863
325 1812 359 1875 cf.
379 1809 508 1877 inruptio.

688 1811 739 1863 isc·
758 1830 781 1865 c.
800 1828 847 1865 sc·.

109 1882 297 1936 intervallum:
316 1897 367 1949 per
384 1880 528 1933 intervalla
545 1883 651 1948 tempo·
687 1881 773 1934 isoces
792 1885 839 1933 aut
857 1881 904 1934 alii
921 1882 1008 1950 pisces
1027 1882 1125 1934 marini
1143 1886 1204 1938 253.

143 1971 206 2006 rum
224 1953 268 2005 vel
285 1952 416 2004 horarum
429 1951 544 2004 salutem
564 1951 651 2020 (1181-
687 1953 741 2020 isp·
760 1971 781 2006 v.
801 1970 852 2019 sp·.

145 2025 191 2091 tis)
207 2023 368 2091 recipientes
386 2026 429 2078 82.

688 2023 736 2076 iss·
754 2042 776 2078 8.
796 2041 828 2079 s-.

108 2096 265 2161 intestatus,
293 2095 422 2147 intestata
451 2097 492 2148 19.
521 2097 563 2149 90.
592 2095 651 2147 124.
686 2095 734 2147 ist·
752 2111 775 2146 c.
795 2096 840 2148 st·.

146 2169 285 2222 141.142.
307 2169 366 2220 146.
385 2167 438 2220 317
444 2181 450 2232 ;
470 2181 504 2216 ex
522 2164 651 2216 intestato
687 2165 829 2218 luduicus:
857 2164 925 2216 ritos
949 2163 1076 2217 Iudaicos
1103 2181 1229 2218 exercere

107 2241 252 2362 aiiiiuo
269 2305 415 2359 fluminum
434 2310 477 2362 so.
497 2309 539 2361 ss.

723 2239 784 2291 311.

687 2306 861 2359 Iudaizantes
880 2304 1020 2358 christiani
1038 2309 1099 2362 311.

107 2378 238 2432 invadere
264 2381 305 2432 13.
330 2381 390 2433 158.
415 2380 476 2432 227.
503 2381 563 2433 230.
589 2380 650 2433 257.
687 2377 780 2445 Iudei,
806 2376 912 2430 Hebrei
934 2395 956 2431 v.
976 2379 1093 2430 Indicam
1113 2395 1187 2445 pers.
1206 2386 1229 2431 ct

145 2454 210 2518 2773
229 2465 285 2502 non
298 2452 441 2516 expectata
453 2448 620 2501 discussione
632 2449 650 2502 1.

144 2524 213 2589 229;
238 2520 267 2573 in
286 2520 401 2588 duplum
419 2519 537 2572 reddant
558 2520 652 2572 invasa

107 2661 258 2716 invalidus:
284 2661 435 2715 invalidum
458 2661 511 2714 erit
534 2661 651 2729 (siquid

144 2733 284 2801 donatum,
297 2732 458 2785 distractum
470 2736 521 2801 est)
534 2733 651 2800 1723111-

144 2804 234 2858 valida
246 2804 388 2872 scriptura,
402 2802 525 2856 definitio
537 2807 581 2859 81.
592 2807 650 2859 136.

107 2946 212 3000 invasio
219 2948 284 3014 220;
295 2944 426 2998 damnum
435 2945 582 2998 invasionis
589 2948 650 3000 228.

108 3018 218 3071 invasor
234 3019 296 3072 289.

108 3087 292 3143 inventarium
313 3089 456 3155 134.144;
475 3087 590 3140 reddere
608 3104 650 3139 ra-

144 3159 248 3212 tionem
273 3159 350 3211 iuxta
375 3158 559 3211 inventarium
582 3163 650 3211 tem·

144 3247 211 3299 pore
242 3233 370 3298 acceptae
397 3229 520 3282 tuitionis
547 3229 650 3282 factum

146 3305 210 3369 136;
222 3317 315 3354 rerum
327 3300 510 3354 inventarium
523 3301 557 3354 de
569 3302 651 3353 rebus

144 3372 274 3426 ecclesiae
293 3371 397 3425 factum
418 3375 477 3427 144.

107 3443 273 3512 investigare
295 3443 335 3497 rei
358 3443 502 3496 veritatem
527 3446 570 3498 61.
589 3445 650 3498 296.

107 3514 296 3584 investigatio:
324 3513 414 3567 furem
441 3513 650 3581 investigatione

144 3585 303 3654 perquirere
324 3588 383 3641 161.

106 3657 229 3710 involare
250 3682 282 3700 =
301 3658 400 3721 furari
419 3658 570 3710 207-210.
589 3658 650 3711 213.

106 3798 214 3852 iocans:
234 3797 281 3865 qui
299 3798 391 3852 iocans
409 3798 542 3866 percussit
560 3801 588 3850 et
607 3813 651 3850 oc·

109 3940 115 3952 .
144 3869 211 3922 cidit
230 3872 289 3950 194.

106 3940 344 4079 111101323111111111
356 4010 431 4078 prior
444 4013 540 4062 contra
557 4027 651 4077 quem·

143 4083 211 4136 libet
222 4083 308 4135 iratus
321 4081 446 4135 eduxerit
458 4080 580 4151 gladium
592 4084 650 4136 190.

106 4153 216 4207 irritus:
250 4170 392 4207 servorum
422 4151 593 4205 venditiones
623 4152 652 4204 in

143 4225 252 4277 irritum
265 4224 398 4291 devocare
413 4227 476 4292 1543
495 4223 652 4292 coniugium

143 4295 253 4348 irritum
273 4299 332 4352 102.

724 2451 787 2512 loc.,·
815 2448 896 2501 Iudai
923 2465 971 2501 seu
997 2449 1140 2517 baptizati,
1172 2449 1229 2503 sive

723 2537 779 2573 non
796 2520 928 2588 baptizati
945 2524 1013 2589 3043
1032 2522 1067 2585 cf.
1086 2524 1147 2577 310.
1161 2525 1228 2589 312;

723 2609 759 2644 ne
781 2591 805 2646 I.
829 2596 925 2644 contra
950 2591 1109 2645 christianos
1134 2591 1229 2645 testifi-

724 2666 829 2731 centur,
847 2662 1034 2715 testimonium
1053 2662 1145 2715 dicant
1163 2666 1228 2732 304;

723 2751 758 2786 ne
783 2733 807 2785 Ι.
833 2733 975 2800 questione
1000 2733 1161 2786 christianos
1189 2734 1229 2786 in-

724 2804 843 2856 scribant
862 2806 912 2871 ib.;
931 2803 1000 2855 nulli
1012 2803 1099 2856 Iudeo
1112 2803 1177 2856 licet
1187 2804 1228 2856 in·

723 2875 870 2942 scriptione
901 2873 1079 2926 christianum
1106 2873 1229 2941 inpetere

723 2947 772 3013 113
799 2946 821 2996 si
846 2944 926 2997 Iudei
952 2961 1094 2997 causarum
1118 2945 1230 3012 negotia

723 3017 796 3069 inter
814 3034 842 3068 se
860 3016 963 3068 habent
981 3017 1031 3084 c'b.-;
1052 3032 1088 3067 ne
1107 3015 1229 3068 christia·

723 3105 774 3140 nus
804 3104 854 3155 pro
881 3086 1032 3139 Iudeorum
1060 3086 1147 3139 causis
1174 3091 1228 3139 tor-

723 3162 817 3211 menta
841 3159 937 3211 subeat
961 3158 1011 3225 ib.;
1039 3173 1074 3210 ne
1100 3157 1156 3212 chr.
1182 3157 1229 3210 Iu·

723 3230 805 3283 deum
832 3229 970 3281 vindicare
996 3229 1041 3280 vel
1071 3229 1142 3281 tueri
1169 3245 1230 3296 per·

723 3304 821 3354 temtet
833 3304 901 3368 3103
920 3297 1008 3367 Iudei,
1027 3298 1074 3366 qui
1092 3299 1128 3351 ad
1146 3297 1229 3352 fidem

723 3376 845 3424 sanctam
856 3370 1014 3439 confugium
1026 3369 1152 3423 iecerunt
1163 3374 1229 3438 306;

724 3459 794 3510 quae
816 3443 845 3493 in
863 3440 1013 3494 Iudeorum
1038 3441 1144 3509 placitis
1166 3445 1230 3494 sunt

724 3513 877 3580 conscripta
923 3529 1071 3579 eorumque
1120 3513 1230 3580 publica

723 3585 871 3652 scriptione
890 3587 984 3636 notata
1006 3586 1073 3650 302;
1099 3582 1229 3651 placitum

723 3655 747 3712 Ι.
775 3656 804 3707 in
831 3655 942 3707 nomine
969 3653 1099 3723 principis
1127 3654 1230 3707 factum

724 3731 789 3794 3113
807 3726 899 3778 nullus
913 3725 1089 3779 Hebreorum
1108 3725 1230 3778 christia-

723 3815 790 3851 num
800 3797 917 3850 liberum
926 3797 969 3849 vel
982 3813 1091 3850 servum
1101 3796 1129 3849 in
1138 3802 1229 3865 patro-

724 3870 794 3922 cinio
807 3869 851 3921 vel
864 3869 973 3922 servitio
986 3886 1035 3921 suo
1047 3868 1148 3922 habeat
1164 3872 1229 3936 3073

723 3940 793 3992 nulli
822 3940 910 3993 ludeo
941 3940 1023 3993 liceat
1053 3940 1230 3992 christianum

724 4011 1230 4079 mancipiumconpararevoldonatum

724 4083 846 4150 accipere
858 4086 926 4150 3053
942 4099 978 4135 ne
989 4080 1082 4134 Iudeis
1094 4081 1231 4148 mancipia

724 4153 870 4206 christiana
889 4152 1038 4204 adhereant
1063 4155 1128 4217 307;
1155 4168 1230 4204 man·

724 4224 794 4291 cipia
829 4223 975 4276 christiana
1010 4222 1165 4274 nullatenus
1201 4221 1230 4273 in

724 4294 899 4347 Hebreorum
918 4293 976 4346 iure
989 4309 1100 4346 manere
1113 4292 1231 4346 obnoxia
