3000 4934
235 384 286 439 196
447 380 525 435 LEX
543 378 658 436 VISIG.
677 377 946 435 Ruconssvmn.
983 375 1035 446 VI,
1054 380 1080 444 5,
1098 380 1140 432 12.

234 562 411 648 petrasse‘?
462 561 626 644 Ideoque,
665 561 746 643 quia
780 581 859 644 sepe
894 559 1128 644 presumtione
1164 561 1361 625 crudelium

234 652 451 717 dominorum
467 654 564 715 extra
580 650 846 714 discussionem⁰
863 647 1038 732 publicam
1054 669 1229 712 servorum
1242 649 1360 714 anime

235 741 460 825 perimuntur,
492 739 656 822 extirpari
688 738 787 802 decet
821 738 911 800 hanc
942 737 1081 801 omnino
1112 736 1291 802 licentiam
1323 742 1362 802 et

236 830 338 893 huius
367 828 452 910 legis
481 828 525 891 ab
553 827 711 890 omnibus
739 826 937 910 perenniter
960 824 1131 910 adinpleri
1160 846 1358 904 censuram;

236 918 376 993 scilicet,
409 919 449 978 ut
479 915 596 979 nullus
628 915 844 978 dominorum
874 914 1158 996 dominarumque
1182 935 1361 979 servorum

236 1027 375 1069 suorum
399 1005 455 1068 vel
483 1003 687 1068 ancillarum
715 1023 776 1067 seu
804 1002 1106 1085 qualiumcumque
1134 1024 1361 1087 personarum

236 1097 333 1158 extra
356 1093 534 1178 publicum
556 1092 723 1156 iudicium
746 1091 1024 1174 quandoquidem
1047 1091 1177 1155 occisor
1200 1093 1328 1156 existat
1338 1093 1359 1154 ¹.

237 1183 305 1247 Sed
329 1183 358 1246 si
380 1181 451 1246 tale
475 1201 591 1246 servus
614 1180 670 1245 vel
694 1180 822 1244 ancilla
845 1200 906 1244 seu
929 1181 1135 1262 quicumque
1156 1181 1285 1244 crimen
1302 1181 1360 1245 ad·

237 1272 377 1349 miserit,
407 1291 448 1334 ex
476 1291 543 1353 quo
570 1270 679 1354 possit
701 1269 821 1332 mortis
846 1269 999 1333 debitam
1023 1269 1281 1333 damnationem
1306 1291 1361 1333 ex-

237 1361 359 1444 cipere,
389 1359 572 1423 confestim
600 1359 758 1423 dominus
782 1357 855 1421 eius
877 1357 934 1421 vel
957 1359 1136 1421 accusator
1159 1357 1266 1421 iudici
1290 1357 1363 1421 loci

236 1449 345 1524 illius,
381 1449 443 1512 ubi
478 1448 543 1511 hoc
574 1450 730 1511 exortum
760 1446 882 1522 fuerit,
918 1448 979 1509 aut
1014 1446 1133 1509 comiti
1161 1446 1217 1510 vel
1248 1442 1359 1510 duci‘l

237 1537 414 1620 publicare
437 1558 507 1600 non
524 1535 672 1611 differat,
698 1538 733 1599 et
757 1535 889 1618 agitata
909 1535 1128 1610 discussione,
1155 1535 1237 1598 dum
1252 1537 1362 1598 mani-

236 1625 366 1689 festum
402 1625 532 1688 crimen
566 1623 731 1707 patuerit,
768 1644 830 1687 seu
865 1644 886 1686 a
919 1624 1033 1687 iudice
1069 1623 1139 1687 sive
1170 1644 1191 1686 a
1220 1625 1362 1706 proprio

238 1713 376 1777 domino
411 1712 544 1789 mortis,
584 1732 688 1836 quam
724 1714 885 1788 meretur,
926 1711 1135 1776 sententiam
1170 1712 1361 1795 excipiate.

238 1802 296 1865 Ita
317 1804 445 1877 tamen,
470 1803 519 1877 ut,
548 1801 577 1864 si
623 1821 721 1864 reum
744 1800 848 1864 iudex
870 1801 1025 1865 occidere
1048 1800 1209 1877 noluerit,
1238 1802 1364 1865 mortis

238 1891 310 1955 eius
339 1890 568 1954 sententiame
597 1890 732 1972 scriptis
761 1889 933 1966 decernat,
967 1892 1002 1953 et
1024 1892 1142 1952 utrum
1165 1889 1363 1954 interficere

238 2001 316 2044 eum
347 1979 505 2043 dominus
536 1978 623 2056 eius,
656 1998 700 2041 an
727 1978 798 2042 vite
827 1998 1000 2042 reservare
1027 1977 1189 2054 voluerit,
1221 1979 1258 2040 in
1286 1977 1364 2042 eius

237 2071 410 2152 potestate
441 2067 616 2132 consistat.
662 2067 751 2131 Sane
782 2066 812 2131 si
841 2087 958 2131 servus
987 2066 1043 2131 vel
1074 2066 1210 2142 ancilla,
1242 2073 1360 2130 aususs

238 2157 403 2242 pestifero
417 2148 652 2221 resultantesh
673 2156 828 2232 dominis,
854 2176 915 2219 seu
934 2155 1050 2238 gladio
1069 2155 1125 2219 vel
1147 2155 1263 2239 lapide
1287 2156 1363 2221 sive

238 2238 471 2328 quocumquei
502 2245 600 2308 hictu
628 2245 805 2308 dominum
834 2244 1049 2308 dominumve
1074 2245 1280 2327 percusserit
1302 2245 1363 2309 vel

239 2336 417 2419 percutere
446 2335 590 2398 conatus
617 2333 734 2410 fucrit,
764 2335 800 2396 et
828 2332 958 2396 domini
981 2353 1017 2397 se
1041 2333 1219 2417 cupientes
1243 2333 1363 2397 defen·

240 2423 329 2499 dere,
361 2422 480 2485 statim
507 2422 544 2484 in
573 2415 639 2485 eok
669 2421 786 2484 furore
814 2441 949 2485 servum
973 2425 1036 2485 aut
1058 2421 1220 2486 ancillam
1249 2423 1362 2486 hocci-

238 2511 362 2588 derint,
393 2509 595 2573 nullatenus
618 2510 662 2572 ad
686 2509 960 2575 satisfactionem
981 2511 1125 2575 tenendi
1148 2514 1229 2573 sunt
1252 2511 1362 2574 homi·

238 2600 336 2676 cidii;
368 2599 398 2662 si
426 2602 544 2663 tamen
574 2618 627 2662 res
657 2597 776 2662 taliter
805 2601 904 2682 gesta
933 2599 1121 2682 probabilis
1144 2599 1260 2677 fuerit,
1291 2600 1362 2664 hoc

239 2692 299 2766 est,
331 2690 367 2752 et
396 2708 457 2772 per
486 2686 723 2751 testimonium
753 2687 809 2751 vel
838 2687 1070 2752 iuramentum
1101 2708 1275 2752 servorum
1301 2689 1361 2753 vel

238 2776 451 2854 ancillarum,
477 2795 561 2858 quos
584 2776 783 2841 interfuisse
807 2777 1012 2853 constiterit,
1037 2779 1073 2841 et
1093 2798 1154 2860 per
1170 2797 1361 2840 sacramen·

236 2869 313 2929 tum
336 2865 419 2942 eius,
444 2865 503 2948 qui
525 2864 612 2928 talia
630 2866 783 2948 gesserit.
819 2865 910 2928 Nam
934 2867 962 2928 si
986 2886 1027 2930 ex
1042 2865 1209 2949 disposito
1225 2865 1360 2931 malitie

237 2975 372 3019 servum
395 2975 496 3018 suum
518 2953 574 3018 vel
598 2953 760 3018 ancillam
784 2974 845 3018 seu
867 2974 979 3038 perse
1000 2954 1070 3018 sive
1093 2975 1154 3037 per
1169 2954 1362 3036 quemlibet

237 3046 334 3108 extra
357 3043 535 3127 publicum
559 3064 702 3107 examen
717 3042 873 3106 occidere
896 3043 1103 3125 quicumque
1125 3043 1358 3126 presumserit,

237 3133 296 3215 qui
318 3132 406 3195 talia
429 3132 620 3197 dinoscitur
636 3134 850 3216 perpetrasse
873 3134 1014 3215 propter
1030 3125 1231 3196 arcendaml
1254 3132 1359 3194 huius
1409 3189 1415 3203 ,

236 3221 286 3285 rei
309 3222 542 3286 temeritatem
564 3221 725 3285 redactus
755 3220 793 3282 in
817 3220 958 3284 exilium
982 3220 1044 3284 sub
1069 3221 1263 3305 penitentia
1285 3242 1358 3304 per-

237 3310 346 3387 sistat,
371 3330 548 3393 quousque
565 3310 742 3386 advixerit,
768 3312 803 3374 et
826 3308 976 3373 facultas
1001 3309 1074 3373 eius
1097 3309 1166 3372 illis
1189 3310 1358 3393 proficiat,

236 3399 361 3481 quibus
389 3400 444 3464 lex
472 3399 517 3462 ad
545 3399 747 3483 capiendam
776 3398 1005 3462 hereditatem
1027 3397 1202 3462 vicinioris
1230 3398 1359 3481 gradus

236 3487 491 3552 successionism
525 3487 688 3569 indulgit.
743 3485 810 3566 Qui
839 3508 920 3551 vero
951 3487 1103 3551 alienum
1137 3506 1272 3550 servum
1300 3487 1359 3550 vel

236 3577 400 3640 ancillam
428 3597 469 3640 ex
497 3575 772 3640 deliberationen
800 3595 860 3639 sue
882 3575 1084 3639 volumtatis
1113 3576 1277 3640 occiderit
1301 3576 1359 3638 vel

236 3665 463 3729 occidendum
490 3664 691 3748 preceperit,
724 3663 809 3727 duos
837 3664 990 3728 eiusdem
1018 3664 1133 3728 meriti
1160 3683 1274 3728 servos
1298 3683 1359 3727 seu

343 3869 669 3922 quiscussioncpublicsm.
710 3869 733 3920 d)
748 3868 900 3914 iudiciRl.
940 3871 1358 3920 elexcipist—sententismcm.122.

235 3926 308 3972 osen
322 3925 375 3974 1313
399 3926 455 3963 deest
469 3925 518 3967 122.
578 3927 601 3973 g)
615 3925 710 3964 sutsnb
724 3924 773 3968 Rs.
835 3925 858 3973 h)
872 3925 985 3964 resultans
999 3926 1049 3968 ΒΞ,
1103 3925 1119 3973 i)
1133 3923 1356 3974 qualemqualem

236 3978 421 4074 ppppppupsslw.
475 3977 499 4026 k)
514 3988 552 4017 eos
566 3979 613 4020 ΕΙ.
667 3976 843 4028 necuciandum
857 3979 906 4021 Μ.
960 3981 990 4027 m)
1004 3978 1146 4019 successione
1160 3978 1210 4021 ΒΞ,
1263 3981 1287 4026 n)
1303 3978 1360 4018 llbe-

237 4208 263 4276 1)
281 4209 322 4274 Of.
337 4208 411 4263 Ocno.
424 4208 529 4276 Epaon.
548 4211 588 4274 (a.
607 4210 674 4267 517)
692 4224 713 4263 c.
731 4210 778 4263 34:
798 4205 829 4261 si
847 4208 907 4276 quis
927 4225 1034 4262 servum
1053 4209 1195 4276 proprium
1215 4208 1273 4261 sine
1292 4223 1356 4261 con·

235 4278 357 4419 {zippptli'pt
365 4278 462 4333 iudicis
474 4278 614 4346 occiderit,
632 4279 915 4333 excommunicatione
927 4279 1030 4333 biennii
1043 4279 1204 4333 effusionem
1217 4278 1358 4350 sanguinis
