3000 4934
162 399 164 404 ·
237 371 290 424 174
425 365 504 421 LEX
521 363 638 422 VISIG.
655 362 924 420 REOOIISSVIND.
961 364 997 432 V,
1018 368 1041 432 7,
1062 367 1103 421 17.
1118 366 1161 420 18.

237 550 338 627 enim,
363 571 384 612 a
399 548 545 613 dominis
570 548 640 611 suis
655 547 818 612 libertate
835 549 1006 671 percepta,
1031 547 1262 628 generationis
1283 568 1356 631 pro-

236 639 355 721 genie⁰
385 638 601 714 decurrente,
634 638 830 701 adtemtant
878 628 960 712 aues
986 636 1052 719 ipsi
1081 638 1143 698 aut
1173 637 1357 719 posteritas

237 747 355 790 eorum
379 747 456 790 cum
480 725 642 810 progenie
666 725 883 790 dominorum
906 723 961 788 vel
985 724 1175 788 indecensg
1195 724 1356 809 copulare

237 815 436 898 coniugium
458 814 514 878 vel
537 813 712 878 molestias
735 812 863 878 inferre
894 812 1090 897 posteritati
1113 814 1357 877 manumitten-

236 904 335 966 tium.
389 894 537 985 Sicqueh
570 903 607 965 in
638 903 819 966 adversum
852 904 951 985 parte
986 920 1162 978 conversa,
1198 902 1279 984 quia
1307 902 1357 965 in·

236 984 372 1075 genita¹
403 991 545 1056 libertas
575 991 685 1074 gratie
717 991 807 1054 dono
837 990 878 1053 iit
906 988 1047 1066 nobilis,
1082 989 1161 1054 ideo
1191 1009 1358 1073 generosa

236 1079 401 1144 nobilitas
424 1079 580 1144 inferiori
602 1072 728 1143 tactuk
754 1078 794 1142 fit
816 1078 944 1162 turpis;
977 1079 1088 1161 adque
1111 1078 1192 1142 inde
1217 1077 1356 1142 claritas

237 1168 372 1252 generis
395 1168 561 1232 sordescit
584 1159 832 1232 conmixtione¹
860 1167 994 1231 abiecte
1018 1166 1235 1243 conditionis,
1263 1168 1356 1232 unde

237 1256 398 1321 abdicata
421 1257 567 1321 servitus
591 1255 762 1321 adtollitm
784 1254 907 1319 titulos
929 1255 1113 1319 libertatis.
1148 1253 1197 1319 Ut
1216 1276 1297 1339 ergo
1321 1259 1357 1320 et

236 1347 360 1409 nature
391 1345 553 1429 splendor
583 1346 704 1409 hortus
735 1345 788 1407 sui
819 1343 1027 1426 dignitatem
1058 1363 1129 1407 non
1160 1347 1288 1422 careat,
1322 1348 1358 1408 et

237 1433 414 1498 servitusm
444 1433 607 1498 sibimet¹¹
640 1433 862 1497 reminiscens
896 1432 1054 1496 indebita
1088 1435 1123 1496 et
1157 1432 1358 1497 inconcessa

236 1543 306 1585 non
330 1522 507 1606 adpetat0,
539 1522 626 1587 bene
650 1521 799 1599 iubetur,
823 1524 873 1598 ut,
898 1521 927 1584 si
950 1520 1184 1605 quorumlibet
1206 1521 1357 1604 quicum-

237 1631 303 1693 que
327 1610 511 1687 libertus1’‚
536 1611 606 1674 sive
631 1631 672 1675 ex
688 1631 806 1674 eorum
822 1610 928 1693 stirpe
944 1610 1150 1693 quandoque
1172 1610 1355 1695 progeniti,

237 1719 279 1762 ex
301 1719 426 1782 genere
449 1699 736 1762 manumissorum
754 1697 810 1763 vel
833 1719 875 1762 ex
897 1698 952 1762 his
975 1699 1179 1763 decurrente
1202 1699 1358 1781 quamvis

237 1787 342 1870 longa
366 1788 529 1872 progenie
553 1787 752 1871 coniugium
774 1787 1022 1871 presumserint
1045 1786 1265 1865 adtemtarel,
1295 1790 1358 1850 aut

237 1876 501 1940 manumissores
534 1875 590 1939 vel
625 1896 743 1940 eorum
776 1875 1016 1960 posteritatem
1049 1875 1116 1960 ipsi
1149 1875 1205 1940 vel
1239 1896 1358 1941 eorum

237 1964 411 2048 prosapies
446 1967 542 2029 extra
575 1964 693 2028 iustaq
729 1965 872 2048 negotia
910 1984 972 2028 sua
1009 1967 1151 2048 propter
1189 1983 1268 2028 suas
1300 1964 1358 2028 vel

237 2055 377 2136 propter
405 2052 551 2118 aliorum
580 2053 733 2117 actiones
757 2053 1021 2118 conversaverint
1047 2055 1109 2115 aut
1132 2052 1274 2118 leserint
1298 2053 1358 2118 eis-

237 2147 329 2223 quer
365 2141 540 2207 molestias
574 2143 644 2207 sive
680 2143 806 2206 damna
841 2140 1099 2205 concusserint⁸
1135 2140 1190 2206 vel
1224 2141 1359 2224 aliquid

237 2229 400 2294 adversus
423 2251 481 2295 eos
503 2231 656 2295 factione
679 2249 893 2313 quacumque
917 2230 1026 2313 egisse
1048 2229 1114 2293 visi
1140 2229 1289 2294 fuerint:
1319 2230 1358 2293 in

237 2337 364 2395 eorum,
396 2338 481 2401 quos
509 2318 777 2396 molestaverint,
807 2318 959 2383 evidenti
982 2317 1184 2382 servitutem
1206 2338 1286 2383 mox
1307 2339 1357 2383 re·

238 2406 353 2469 deant.
400 2404 491 2484 Quia
512 2407 657 2490 impium
684 2407 767 2470 satis
795 2409 857 2484 est,
886 2409 936 2484 ut,
966 2407 1049 2471 dum
1077 2406 1233 2472 condicio
1257 2407 1357 2472 servi·

235 2493 323 2573 tutis
343 2490 567 2572 absolviturl,
592 2494 744 2578 dignitas
763 2493 935 2559 libertatis
955 2495 1191 2580 inpediaturu,
1217 2498 1254 2560 et
1274 2495 1356 2559 dum

236 2600 352 2646 servus
382 2582 535 2666 erigitur,
567 2582 659 2646 filius
689 2582 878 2661 abdicetur,
912 2584 1024 2667 adque
1053 2583 1135 2648 inde
1165 2583 1229 2646 filii
1258 2584 1357 2648 susti-

235 2672 343 2733 neant
358 2671 494 2749 damna,
515 2671 608 2736 unde
624 2671 669 2735 ad
684 2672 880 2736 nocendum
895 2674 1079 2757 potiuntur
1094 2672 1183 2737 cervi
1203 2672 1356 2738 licentia.

305 2839 416 2898 XVIII.
451 2839 618 2897 ILAVIUS
638 2840 851 2898 GLORIOSUS
869 2840 1178 2899 Ruccnssvmnus
1196 2840 1285 2900 REX.

280 2951 340 3016 Ne
370 2951 528 3018 liberti
557 2953 764 3038 religiosi
794 2955 871 3018 ada
902 2955 1159 3039 obsequium
1190 2955 1311 3020 redu·

608 3045 764 3107 cantur
793 3043 980 3108 heredis.

342 3146 524 3227 Quoslibet
547 3149 590 3213 de
614 3169 878 3232 corumcumque
909 3148 1043 3213 libertis
1071 3152 1133 3214 aut
1160 3149 1357 3234 specialiter

235 3235 439 3301 eclesiastici
485 3237 637 3321 dignitas
685 3237 885 3302 sublimavit
932 3237 1072 3302 honoris
1114 3241 1176 3302 aut
1218 3237 1356 3322 prefixis

235 3328 433 3389 sanctorum
462 3325 547 3390 locis
577 3327 759 3411 deputavit
785 3326 841 3390 vel
868 3327 952 3390 ordo
979 3326 1156 3410 religionis
1183 3326 1239 3391 vel
1269 3327 1356 3391 ordi·

234 3413 330 3477 natio
346 3415 634 3493 manumittentis,
658 3436 729 3479 non
745 3417 847 3480 erunt
871 3415 915 3479 ad
930 3415 1111 3479 hominum
1125 3415 1356 3499 patrocinium

234 3502 423 3567 reducendi
446 3504 668 3568 contentione
692 3502 847 3586 qualibet
871 3504 1017 3568 heredis.
1057 3501 1158 3582 Quod
1174 3504 1267 3568 enim
1286 3503 1356 3587 glo·

233 3583 381 3654 riosiusb
408 3590 483 3655 Deo
512 3593 677 3656 adherere
700 3594 869 3669 censetur,
899 3591 1070 3675 obsequiis
1100 3593 1281 3656 hominum
1307 3611 1356 3657 re·

234 3675 336 3759 ligari
358 3678 540 3745 honestate
563 3679 663 3744 nulla
684 3680 820 3744 sinitur.

1381 3778 1409 3818 a·

341 3850 362 3897 e)
375 3849 495 3898 progenies
508 3851 556 3893 131.
608 3851 627 3900 f)
641 3849 742 3892 adtemte
754 3855 782 3891 ut
790 3863 837 3902 pro
849 3847 977 3892 adtemmnt
989 3855 1030 3893 eut
1043 3853 1095 3904 1313
1112 3849 1239 3894 adteuw
1251 3855 1292 3893 eut
1305 3853 1327 3892 B
1335 3852 1355 3896 8.

233 3902 256 3949 g)
270 3900 302 3939 tta
316 3901 368 3953 313
390 3898 418 3941 de
432 3900 541 3943 lndecens
555 3904 608 3955 1315
631 3902 738 3954 deinceps
751 3904 800 3948 122.
875 3905 899 3953 h)
912 3905 988 3956 sitque
1001 3905 1053 3957 ar,
1075 3907 1095 3946 el
1109 3917 1154 3955 que
1168 3905 1218 3949 Rc.
1290 3905 1306 3955 1)
1321 3906 1356 3946 tn-

233 3954 311 4002 genite
323 3956 499 4004 emmetbetdo
513 3967 571 4000 corr.
584 3956 702 4006 manum
714 3958 762 4000 Rl.
838 3957 863 4007 k)
881 3961 969 3998 tentum
982 3959 1029 4000 131.
1109 3959 1125 4007 l)
1145 3959 1294 4000 conmleelcne
1307 3959 1356 4002 Bl.

233 4006 265 4057 m)
278 4005 509 4049 adtollit-servitus
525 4010 628 4053 cm.B1.
681 4013 705 4059 n)
719 4011 871 4054 sluimeerrr.
924 4009 1113 4061 ondpecetm.
1165 4015 1189 4062 p)
1203 4012 1291 4053 libertis
1306 4011 1355 4055 Bc.

233 4062 257 4108 q)
270 4060 335 4100 iuxta
348 4061 395 4105 131.
449 4062 470 4115 r)
483 4063 762 4112 enque-concusseritis
775 4064 876 4108 deaBl.
930 4067 950 4113 e)
964 4066 1109 4107 concmerlnt
1122 4065 1171 4110 m.
1225 4068 1243 4115 t)
1256 4063 1355 4106 adscivi-

233 4114 330 4157 turm.
384 4114 408 4166 u)
421 4114 559 4165 inpendatur
572 4117 619 4160 121.

339 4168 424 4211 xvnr
462 4171 485 4219 ι)
499 4171 556 4210 aaa
569 4171 616 4213 nr.
669 4171 693 4219 o)
707 4171 816 4221 gloriosus
830 4171 878 4216 au

234 4307 260 4375 1)
278 4309 320 4374 Cf.
338 4311 371 4366 L.
384 4311 460 4367 Rom.
472 4313 527 4368 Vis.
540 4311 619 4365 Paul.
632 4312 672 4380 II,
693 4315 737 4380 20,
751 4315 783 4377 6,·
801 4330 824 4368 v.
838 4312 930 4381 Data,
946 4313 1069 4382 ‘Klim'qe’
1085 4313 1151 4383 W,
1166 4332 1196 4384 p.
1206 4315 1269 4384 184,
1287 4330 1315 4367 n.
1329 4316 1356 4373 1.

657 4495 924 4504 ————--—
