3000 4934
99 1501 123 1542 L.
131 1500 192 1543 Rom.
199 1500 240 1542 Vis.

121 1553 142 1596 C.
152 1554 189 1595 ra.
196 1553 240 1601 IX,

81 1607 240 1656 13,1.Interpr.

87 1766 115 1807 th.
123 1765 166 1814 IX,
175 1765 207 1814 1³,
216 1765 241 1814 3,-

109 1821 137 1866 οἵ,
145 1818 240 1867 Interpr.

252 384 303 437 182
446 377 524 432 LEX
543 375 656 431 VISIG.
676 374 944 430 Rnacnssvmn.
981 374 1032 443 VI,
1051 379 1077 442 2,
1096 379 1175 432 2-4.

251 564 342 638 ficos,
374 563 410 626 id
438 565 499 638 est,
532 561 591 644 qui
618 579 752 624 venena
780 559 977 635 conficiunt,
1010 563 1089 622 staa
1116 560 1274 642 protinus
1302 562 1380 624 vin-

252 653 345 715 dicta
373 653 545 733 sequatur,
574 653 623 725 ut,
654 650 682 712 si
709 650 916 712 venenatam
944 648 1121 730 potionem
1145 647 1249 712 alicui
1273 650 1381 713 dede·

250 740 335 816 rint,
368 743 403 803 et
433 739 492 822 qui
522 738 650 802 biberit
679 739 836 800 mortuus
869 737 992 800 exinde
1023 737 1145 812 fuerit,
1181 736 1235 800 illi
1266 737 1381 802 etiarn

251 829 416 892 continuo
447 826 624 910 subpliciis
655 825 800 900 subditi,
832 827 942 889 morte
973 828 1055 888 sunt
1084 826 1284 909 turpissima
1315 848 1380 910 pu·

250 917 379 981 niendi.
427 915 464 979 Si
488 919 581 979 certe
604 914 729 997 poculo
744 913 869 978 veneni
892 917 1032 997 potatus
1057 915 1213 997 evaserit,
1237 914 1274 977 in
1298 916 1379 979 eius

250 1007 424 1088 potestate
446 1004 637 1068 tradendus
660 1005 713 1066 est
735 1002 805 1079 ille,
835 1002 895 1083 qui
924 1003 1031 1078 dedit,
1060 1005 1102 1065 ut
1126 1002 1169 1066 de
1193 1024 1233 1067 eo
1256 1003 1380 1068 facere

251 1094 343 1175 quod
365 1092 515 1156 voluerit
538 1093 591 1155 sui
615 1092 660 1155 sit
683 1092 927 1155 incunctanter
950 1091 1094 1155 arbitrii.

462 1279 517 1337 111.
549 1279 717 1334 FLAVIUS
736 1278 1051 1334 OHINDASVlNDUS
1069 1279 1158 1336 REX„

379 1394 439 1458 De
467 1392 690 1457 maleficis
712 1395 761 1479 ‚et
790 1391 1130 1456 consulentibus
1161 1413 1241 1456 eos.

357 1511 477 1565 Malefici
499 1511 544 1565 vel
566 1511 722 1565 inmissores
743 1513 946 1579 tempestatum,
980 1493 1057 1581 [qui]
1089 1500 1295 1582 quibusdam
1327 1501 1378 1563 in-

251 1589 507 1653 cantationibus
532 1588 717 1670 grandines
744 1588 781 1649 in
803 1586 912 1650 vineis
936 1588 1171 1671 messibusque
1195 1589 1378 1654 inmittere

250 1677 460 1761 peribentur,
481 1689 524 1742 vel
542 1689 589 1756 hii,
609 1688 656 1755 qui
674 1705 723 1756 per
735 1687 936 1741 invocationem
950 1687 1098 1741 demonum
1111 1693 1217 1743 mentes
1229 1688 1378 1743 hominum

250 1777 371 1847 turbant,
394 1786 455 1830 seu
479 1777 526 1844 qui
548 1780 683 1830 nocturna
701 1774 833 1829 sacrificia
856 1775 1018 1831 demonibus
1042 1776 1182 1831 celebrant
1204 1794 1304 1846 eosque
1323 1796 1379 1846 per

249 1867 434 1921 invocationes
453 1865 569 1920 nefarias
587 1853 748 1937 nequiter
766 1865 902 1932 invocant,
923 1853 1131 1936 ubicumque
1151 1875 1171 1917 a
1186 1855 1300 1918 iudice
1316 1856 1377 1920 Vel

250 1947 366 2008 actore
390 1943 460 2008 sive
485 1945 705 2026 procuratore
728 1941 796 2005 loci
819 1942 971 2025 repperti
994 1941 1128 2007 fuerint
1150 1943 1207 2007 vel
1230 1944 1375 2021 detecti,

250 2033 453 2097 ducentenis
481 2030 628 2116 flagellis
652 2030 790 2114 publice
813 2030 1039 2095 verberentur
1063 2036 1098 2095 et
1121 2032 1293 2096 decalvati
1318 2034 1376 2097 de-

248 2121 406 2186 formiter
426 2122 544 2189 decem
561 2120 757 2184 convicinus
780 2120 1010 2202 possessiones
1035 2121 1178 2184 circuire
1203 2124 1377 2203 cogantur

249 2210 359 2287 inviti,
384 2214 567 2274 uteorum
591 2209 651 2273 alii
675 2209 892 2291 corrigantur
914 2209 1090 2292 exemplis.
1138 2209 1230 2288 Quos
1252 2213 1376 2274 tamen

248 2299 361 2374 iudex,
386 2318 430 2361 ne
446 2298 593 2363 ulterius
617 2301 847 2381 evagantuma
866 2297 953 2360 talia
975 2297 1090 2362 facere
1113 2298 1374 2382 permittantur,

250 2390 311 2450 aut
334 2379 390 2449 inb
410 2388 603 2451 retrusione
622 2386 730 2449 faciat
747 2405 828 2462 esse,
853 2390 894 2448 ut
917 2385 966 2449 ibi
990 2390 1133 2470 accepta
1147 2391 1243 2452 veste
1266 2391 1375 2470 atque

249 2474 446 2538 substantia
468 2476 519 2538 ita
541 2475 670 2550 vivant,
699 2494 742 2538 ne
765 2473 961 2539 viventibus
984 2476 1133 2540 nocendi
1157 2476 1291 2540 aditum
1314 2477 1375 2540 ha-

250 2563 390 2639 beant0,
416 2566 477 2627 aut
499 2564 593 2647 regie
616 2563 788 2647 presentie
806 2563 943 2646 dirigat,
967 2567 1017 2640 ut,
1042 2565 1134 2647 quod
1151 2565 1193 2629 de
1210 2564 1281 2628 illis
1305 2564 1376 2629 sibi

249 2651 416 2735 placitum
438 2652 556 2729 fuerit,
581 2653 759 2716 evidenter
782 2654 926 2716 statuat.
973 2652 1022 2716 Hi
1046 2656 1172 2730 autem,
1201 2654 1260 2737 qui
1283 2653 1375 2718 tales

250 2736 458 2806 consulissed
481 2741 734 2826 repperiuntur,
758 2741 796 2802 in
819 2740 938 2825 populi
962 2745 1135 2806 conventu
1159 2742 1375 2808 ducentenos

249 2829 361 2894 histos
392 2830 565 2915 accipiant
592 2829 818 2913 flagellorum,
850 2832 891 2892 ut
918 2831 1070 2914 inpuniti
1098 2852 1169 2894 non
1197 2835 1374 2910 maneant,

249 2939 333 3001 quos
358 2919 459 3003 culpe
482 2918 622 2983 similise
650 2921 766 2982 reatus
791 2922 940 2983 accusat.

453 3089 523 3146 ΠΠ.
555 3089 724 3146 FLAVIUS
744 3089 1059 3145 GHINDASVINDUS
1078 3089 1166 3147 REX.

250 3204 310 3269 De
340 3205 424 3282 his,
460 3204 533 3287 qui
567 3204 612 3267 in
644 3203 895 3268 hominibus
925 3206 1000 3267 aut
1030 3203 1074 3266 in
1104 3203 1374 3268 animalibus

249 3293 318 3358 vel
350 3293 695 3377 quibuscumque
729 3293 858 3358 rebus
893 3292 1231 3375 qualiacumque
1265 3292 1374 3376 liga-

250 3387 394 3448 menta
436 3385 511 3447 aut
552 3383 851 3466 quodcumque
895 3381 1167 3445 contrarium
1208 3381 1373 3446 fecisse

644 3471 972 3554 repperiuntur.

355 3577 551 3641 Presentis²
573 3576 661 3659 legis
684 3577 876 3660 superiori²
904 3577 1077 3641 sententia
1101 3577 1258 3640 damnari
1281 3575 1374 3640 iube·

249 3685 334 3742 mus,
360 3685 421 3729 seu
443 3665 615 3748 ingenuus
639 3665 693 3741 sit,
719 3665 789 3728 sive
814 3684 930 3729 servus
953 3659 1154 3748 utriusqueb
1178 3685 1287 3742 sexus,
1313 3665 1374 3746 qui

249 3754 286 3816 in
302 3752 500 3817 hominibus
515 3754 571 3818 vel
588 3753 699 3817 brutis
716 3752 924 3817 animalibus
940 3755 1100 3837 omnique
1120 3774 1255 3837 genere,
1280 3754 1374 3837 quod

250 3841 376 3906 mobile
400 3861 473 3906 esse
496 3845 622 3926 potest,
647 3843 767 3906 souin
791 3842 883 3924 agris
905 3843 961 3907 vel
984 3843 1021 3906 in
1037 3844 1146 3909 vineis
1162 3843 1373 3924 diversisque

249 3930 429 3995 arboribus
460 3931 667 3995 maleficium
697 3934 759 3995 aut
790 3931 925 3996 diversa
954 3932 1145 4014 ligamenta
1175 3934 1237 3996 aut
1267 3931 1374 3996 etiam

250 4020 386 4104 scriptis
413 4020 451 4083 in
475 4020 757 4085 contrarietatem
785 4019 927 4084 alterius
955 4021 1229 4103 excogitaverint
1255 4019 1373 4085 iacere

357 4212 399 4307 lii
427 4211 599 4312 ‘bibliis
653 4265 676 4313 s)
690 4266 746 4303 seeo
760 4265 807 4307 nr.
868 4264 890 4315 ο)
903 4261 1011 4304 scibant
1024 4265 1072 4308 nr.
1133 4261 1157 4313 c)
1171 4263 1310 4304 conuoluisse
1324 4261 1375 4306 aa.

250 4321 271 4368 e)
285 4317 432 4415 ΒωηιθῗῐῐιίιΙ
452 4374 475 4421 a)
488 4371 635 4411 Prosentibns
650 4370 737 4420 legibus
751 4371 874 4420 superioris
889 4372 935 4413 Rl.
989 4371 1012 4417 b)
1026 4371 1117 4420 utrique
1131 4372 1178 4414 121.
