3000 4934
324 347 402 402 LEX
420 346 537 404 VISIG.
555 345 825 403 RECOESSVIND.
861 346 914 414 VI,
933 350 1015 416 5,14.
1030 350 1073 405 15.
1209 353 1260 406 199
1327 429 1329 434 Ι

137 536 178 596 ut
193 551 318 616 penam
333 551 412 595 reus
429 530 586 613 accipiat,
607 550 711 612 quam
726 533 887 594 meretur.
922 529 996 594 Nec
1013 531 1105 594 enim
1121 534 1262 614 propter

138 621 346 685 accusatoris
382 620 575 683 absentiam
610 621 671 682 aut
703 618 844 701 aliquod
878 619 1025 683 fortasse
1061 619 1262 683 conludium

138 709 275 774 sceleris
299 709 404 773 debet
427 709 581 772 vindicta
609 707 775 783 differri⁰,
808 707 868 771 sed
898 711 971 770 tam
1000 728 1086 771 uxor
1116 712 1262 773 mortem

138 799 262 875 mariti,
285 798 341 861 vel
364 797 393 861 si
417 797 500 879 quid
524 797 665 860 noxium
689 795 732 859 ab
750 795 818 858 alio
833 796 925 860 forte
940 796 1133 880 pertulerit,
1158 819 1262 881 quam

138 888 244 951 etiam
267 887 421 963 maritus,
449 880 495 967 [sil
522 885 633 948 simile
654 884 786 967 aliquid
807 904 949 948 uxorem
969 886 1044 969 pati
1065 887 1260 969 contigerit,

139 976 274 1039 licitum
284 975 428 1039 habebit
440 975 622 1055 inquirere,
635 977 670 1038 et
682 974 780 1036 iuxta
792 973 997 1055 qualitatem
1007 973 1159 1037 criminis
1172 974 1262 1056 lega·

138 1064 219 1128 liter
241 1063 480 1127 ulciscendum
503 1063 678 1137 insistere3
708 1063 760 1125 ita
782 1065 831 1139 ut,
861 1063 890 1125 si
914 1065 1075 1126 manente
1099 1064 1262 1128 adversus

138 1172 236 1215 reum
264 1151 330 1214 tali
361 1151 553 1214 intentione
582 1151 727 1212 maritus
753 1153 788 1213 et
811 1170 897 1213 uxor
919 1151 1027 1214 vitam
1051 1152 1204 1215 finierint
1228 1155 1263 1215 et

138 1240 367 1323 inperfectam
384 1259 522 1302 causam
538 1238 750 1320 reliquerint,
776 1258 894 1301 eorum
913 1238 977 1301 filii
992 1259 1054 1303 seu
1069 1241 1261 1323 propinqui,

140 1328 264 1410 quibus
289 1328 333 1389 ad
349 1327 552 1410 capiendam
569 1327 800 1390 hereditatem
815 1326 972 1408 legitima
995 1329 1163 1391 successio
1188 1349 1263 1393 con·

140 1417 239 1499 petit,
269 1435 429 1479 accusare
452 1435 549 1480 reum
571 1414 627 1478 vel
650 1414 859 1478 homicidam
882 1416 957 1491 hac,
989 1416 1079 1478 sicut
1102 1420 1263 1498 parentes

139 1505 255 1569 facere
278 1508 473 1587 potuerant,
498 1504 671 1568 instanter
685 1503 845 1586 prosequi
868 1503 1021 1566 habeant
1044 1507 1262 1587 potestatem.

140 1593 213 1656 Nec
241 1594 331 1656 enim
362 1593 506 1676 dignum
534 1595 588 1656 est
616 1594 800 1675 parentum
828 1595 889 1654 aut
912 1593 1184 1676 propinquorum
1207 1595 1264 1657 ha-

140 1681 220 1744 bere
244 1681 460 1757 facultatem,
485 1681 514 1744 si
536 1701 606 1744 non
629 1700 708 1745 reus
729 1680 785 1744 vel
807 1680 982 1745 homicida
998 1677 1173 1746 debitam(1
1192 1703 1264 1747 sen-

139 1771 287 1834 tentiam
318 1769 614 1834 condemnationis
645 1769 804 1853 excipiat.
859 1768 959 1849 Quod
990 1771 1043 1833 si⁰
1075 1771 1179 1836 iudex
1210 1773 1264 1835 ad·

140 1860 291 1921 monitus
327 1858 430 1921 huius
464 1859 514 1922 rei
548 1858 675 1922 vindex
709 1878 782 1922 esse
818 1859 1005 1935 destiterit,
1043 1862 1078 1922 et
1113 1859 1264 1923 dilatans

141 1951 341 2012 accusantes
369 1947 414 2010 ad
441 1948 572 2029 regiam
601 1947 834 2029 cognitionem
862 1967 903 2010 ex
931 1947 996 2010 hoc
1024 1948 1166 2029 querela
1193 1967 1264 2031 per·

139 2037 283 2112 venerit,
307 2036 394 2099 sciat
418 2056 453 2099 se
477 2057 539 2118 pro
563 2039 709 2110 mortuo,
735 2054 837 2116 quem
852 2036 1028 2098 vindicare
1051 2036 1173 2113 noluit,
1199 2056 1265 2101 me-

141 2125 308 2188 dietatem
331 2124 518 2200 homicidii,
548 2124 613 2185 hoc
637 2126 690 2186 est
714 2116 781 2187 GLf
801 2121 928 2185 solidos
955 2124 1090 2206 petenti
1113 2143 1185 2188 esse
1209 2126 1265 2188 da-

140 2216 259 2274 turum
270 2212 291 2272 ¹.
338 2211 538 2275 Facultates
562 2231 644 2275 sane
669 2212 751 2288 eius,
783 2211 842 2292 qui
872 2231 934 2294 pro
963 2231 1023 2274 suo
1055 2216 1107 2276 est
1137 2213 1265 2278 scelere

141 2301 347 2384 puniendus,
372 2321 442 2362 non
459 2303 563 2363 antea
579 2301 739 2382 cuiquam
755 2301 946 2383 husurpare
964 2302 1173 2379 conceditur,
1197 2303 1265 2366 nisi

141 2409 202 2472 per
226 2390 392 2452 iudicium
416 2389 560 2452 ultionis
584 2408 625 2452 ex
648 2389 725 2472 lege
748 2389 923 2453 sententia
947 2389 1059 2453 detur.

348 2578 413 2634 XV.
444 2577 613 2634 FLAVIUS
633 2577 949 2633 OHINDASVINDUS
967 2577 1055 2635 REX.

193 2691 313 2772 Quod
344 2695 386 2755 et
416 2691 626 2775 proximis
658 2695 700 2755 et
731 2691 957 2756 extraneis
988 2693 1209 2757 homicida

445 2780 707 2844 conceditur
738 2801 955 2844 accusare.

203 2941 211 2947 .
249 2887 336 2950 Cum
353 2889 546 2950 ceterorum
562 2887 745 2949 criminum
767 2906 843 2950 reos
867 2882 993 2969 penals]
1020 2908 1154 2971 semper
1169 2909 1264 2972 opor-

139 2978 239 3039 teata
260 2976 426 3058 excipere,
452 2995 537 3056 quas
560 2978 745 3052 merentur,
770 2975 869 3039 nefas
894 2995 966 3040 esse
989 2977 1184 3059 putandum
1201 2980 1263 3054 est,

141 3064 330 3126 homicidas
353 3083 517 3144 umquam
540 3063 719 3127 indemnes
742 3064 947 3146 relinquere,
973 3058 1078 3145 quosl
1103 3065 1264 3128 severiori

140 3151 249 3232 magis
278 3151 464 3214 condecet⁰
493 3151 676 3214 atrocitate
704 3153 830 3234 puniri.
877 3151 930 3215 Ne
954 3172 1036 3234 ergo
1060 3153 1167 3236 possit
1190 3173 1264 3217 eva·

141 3240 221 3302 dere
250 3239 437 3316 homicida,
469 3240 560 3320 quod
590 3239 676 3302 fecit
706 3243 767 3302 aut
798 3240 922 3322 aliquis
950 3240 1061 3305 scelus
1090 3241 1163 3305 eius
1192 3262 1263 3325 pre-

141 3331 255 3390 sumat
278 3327 426 3390 forsitan
449 3327 644 3392 excusando
668 3328 789 3405 celare,
814 3329 925 3412 primo
948 3330 1112 3414 proximis
1135 3330 1265 3394 hoccisi

141 3417 244 3479 datur
268 3416 410 3480 licentia
433 3416 634 3492 accusandi;
660 3418 752 3500 quod
775 3419 804 3482 si
827 3417 932 3482 iidem
955 3419 1101 3502 proximi
1125 3419 1170 3482 ad
1187 3440 1264 3502 que·

139 3506 282 3569 rendam
314 3505 472 3568 defuncti
504 3509 650 3569 mortem
683 3508 744 3569 aut
775 3506 886 3591 tepidi
918 3507 1052 3571 fuerint
1081 3510 1143 3571 aut
1172 3507 1263 3573 torte

140 3593 355 3671 distulerint,
398 3597 483 3657 tunc
523 3595 709 3659 accusandi
748 3595 956 3659 homicidam
994 3599 1068 3660 tam
1105 3596 1263 3662 omnibus

139 3683 347 3765 generaliter
370 3682 447 3746 aliis
471 3683 673 3767 parentibus
703 3704 807 3766 quam
835 3685 959 3748 exteris
988 3685 1122 3749 aditum
1146 3686 1263 3769 pandi-

139 3792 230 3846 mus;
256 3773 307 3834 ita
324 3776 373 3848 ut,
398 3772 458 3855 qui
481 3773 691 3836 homicidam
713 3772 955 3838 fraudulenter
979 3793 1141 3838 excusare
1166 3794 1263 3838 cona·

138 3863 195 3923 tus
226 3860 334 3924 fuerit
363 3860 418 3924 vel
449 3861 649 3938 defendere,
687 3863 917 3940 commodum,
954 3863 1046 3945 quod
1080 3867 1263 3947 propterea

246 4051 267 4097 c)
280 4047 373 4089 differre
387 4051 435 4092 121.
508 4048 531 4099 d)
546 4047 648 4090 debitum
662 4063 680 4093 s.
694 4052 745 4102 1313
768 4049 846 4092 debita
860 4053 974 4092 sententia
988 4054 1037 4096 122.
1110 4056 1131 4102 e)
1145 4055 1201 4094 deest
1215 4055 1261 4095 121.

138 4104 202 4151 ι’)ιία
217 4103 267 4152 Β];
287 4107 378 4142 centum
392 4103 557 4153 qulnquaginta
570 4105 619 4146 122.

245 4156 291 4198 XV.
333 4158 355 4204 a)
370 4160 459 4205 oportet
473 4157 519 4200 Rl.
580 4157 603 4205 b)
617 4155 678 4205 quod
692 4158 738 4201 121.
793 4161 814 4206 c)
828 4169 895 4207 quam
910 4156 976 4199 decet
991 4160 1037 4203 Rl.

139 4317 165 4384 1)
184 4317 225 4380 Cf.
245 4318 277 4368 G.
291 4316 374 4383 Ocho,
395 4317 701 4384 ‘Jasizverweiqerany’
716 4336 745 4385 p.
759 4320 810 4373 147
823 4335 877 4386 sqq.
