3000 4934
262 393 299 446 34
519 388 597 444 Lux
615 387 732 446 VISIG.
750 387 1022 444 REGOESSVIND.
1058 388 1097 458 11,
1111 393 1136 447 1.

359 572 464 638 XIII.
501 572 600 652 Quod
616 572 707 637 nulli
726 572 831 637 liceat
847 572 1006 638 dirimere
1023 592 1153 651 causas,
1176 573 1245 638 nisi
1262 575 1402 658 quibus

499 666 561 727 aut
584 661 742 747 princeps
767 655 845 725 aut¹
877 661 1055 726 consensio
1078 661 1273 728 voluntatis
1296 668 1401 748 pote·

499 754 626 815 statem
649 750 785 814 dederit
807 749 996 814 iudicandi.

336 839 463 905 XIIII.
499 838 627 918 Quales
658 857 777 903 causas
808 838 958 903 debeant
987 839 1139 903 audirem
1168 839 1394 925 thiuphadi¹¹

499 931 555 993 et⁰
576 926 736 1010 qualibus
752 927 906 1012 personis
923 947 1043 992 causas
1062 928 1252 994 audiendas
1276 930 1396 995 iniun-

524 1018 595 1080 ant.

388 1104 464 1168 XV.
499 1036 549 1169 Iu
578 1105 710 1169 iudices
739 1108 812 1169 tam
843 1103 1037 1169 criminales
1060 1125 1165 1188 quam
1189 1125 1394 1174 communes

498 1194 712 1258 terminentl'
741 1213 871 1258 causas.
917 1193 1016 1257 Pacis
1047 1197 1162 1259 autem
1192 1195 1394 1263 adsertores

500 1286 536 1347 et
552 1282 626 1347 sola
640 1282 737 1365 regia
752 1284 905 1366 potestas
922 1282 1069 1359 ordinet,
1094 1285 1129 1348 et
1152 1283 1223 1347 sictl
1245 1287 1393 1350 tantun·

500 1372 579 1436 dem
603 1392 623 1436 a
645 1390 727 1454 rege
751 1371 931 1435 commissa
953 1371 1094 1453 negotia
1116 1371 1284 1436 iudicent.

367 1459 463 1523 XVI.
499 1459 553 1525 De
577 1460 711 1524 damnis
735 1478 862 1536 eorum,
888 1459 948 1542 qui
966 1480 1037 1524 non
1053 1462 1196 1545 accepta
1212 1464 1393 1544 potestate

500 1548 768 1631 presumserintr
795 1548 960 1612 iudicare.

346 1634 463 1699 XVII.
500 1634 553 1701 De
577 1635 641 1712 his,
673 1636 733 1718 qui
756 1636 925 1700 admoniti
955 1637 1080 1702 iudicis
1108 1637 1278 1723 epistula⁸
1305 1638 1386 1706 vel*

500 1723 614 1806 sigillo
638 1725 683 1788 ad
706 1724 874 1788 iudicium
896 1725 1015 1790 venire
1038 1729 1307 1791 contemnuntu.

327 1812 465 1876 XVIII.
502 1811 539 1876 Si
568 1813 672 1877 iudex
701 1812 984 1897 interpellantem
1019 1815 1139 1880 audire
1175 1819 1390 1898 contemnat,

499 1901 580 1966 velv
603 1905 722 1966 utrum
743 1901 985 1967 fraudulenter
1008 1922 1054 1967 an
1075 1904 1278 1987 ignoranter
1300 1906 1392 1972 iudi·

500 1990 592 2055 cium
614 1994 789 2076 promam.

304 2079 463 2144 XVIIII.
499 2079 536 2144 si
565 2081 670 2145 iudex
693 2084 755 2145 aut
777 2100 839 2165 per
862 2081 1080 2145 commodum
1110 2085 1172 2146 aut
1202 2102 1263 2166 per
1293 2083 1393 2168 igno·

498 2170 648 2234 rantiam
671 2169 828 2235 iudicet¹
854 2188 1004 2234 causam.

384 2259 463 2322 XX.
500 2256 536 2321 Si
566 2259 670 2322 iudex
685 2258 777 2323 dolo
800 2257 857 2323 vel
881 2257 1074 2324 calliditate
1104 2262 1166 2323 aut
1188 2279 1294 2324 unam
1326 2268 1394 2329 aut

499 2346 618 2410 ambas
641 2347 885 2410 causantiumy
911 2351 1027 2431 partes
1052 2349 1252 2432 dispondia²
1276 2348 1394 2418 faciat

498 2435 679 2499 sustinere.

362 2521 462 2586 XXI.
499 2520 616 2600 Quida
661 2523 771 2608 primo
810 2524 915 2589 iudex
953 2544 1089 2601 servare
1129 2519 1272 2605 debetb,
1315 2533 1386 2594 ut⁰

500 2605 660 2676 causam‘l
687 2611 775 2677 bene
799 2615 994 2696 cognoscat.

344 2699 464 2763 XXII.
501 2699 537 2764 si
562 2701 806 2784 cuiuscumque
829 2702 970 2766 honoris
994 2703 1387 2771 authordinisiude10

500 2789 636 2853 dicatur
656 2783 798 2855 haberis
817 2794 1007 2876 suspectus,
1024 2791 1080 2856 vel
1100 2793 1130 2856 si
1145 2793 1249 2858 iudex
1265 2798 1393 2862 contra

498 2876 617 2961 legesV
642 2881 818 2962 presumat
842 2880 923 2944 dare
946 2880 1124 2945 iudicium.

321 2964 462 3029 XXIII.
498 2966 609 3031 Iudex
632 2968 782 3049 qualiter
804 2968 914 3033 faciat
936 2970 1139 3034 iudicatum.

302 3054 463 3118 XXIIII.
498 3054 552 3120 De
587 3058 774 3122 commodis
813 3058 926 3141 adque
964 3059 1100 3124 damnis
1137 3059 1262 3126 iudicis
1300 3056 1388 3126 velh

498 3164 637 3209 saronrs.

351 3232 462 3298 XXV.
498 3227 617 3313 Quodi
652 3236 777 3313 omnis,
813 3237 872 3319 qui
904 3239 1114 3320 potestatem
1144 3238 1271 3322 accipit
1300 3238 1390 3304 iudi-

499 3324 610 3402 candi,
635 3318 782 3389 iudicisk
807 3325 946 3389 nomine
971 3329 1153 3390 censeatur
1176 3325 1328 3407 exlege.

330 3412 461 3475 XXVI.
496 3411 546 3476 Ut
581 3433 682 3476 omne
714 3412 905 3490 vinculum,
942 3415 1034 3494 quod
1067 3414 1146 3495 post
1181 3414 1302 3475 datum
1336 3415 1388 3478 in·

497 3500 629 3563 iustum
644 3501 811 3563 iudicium
831 3519 852 3563 a
868 3493 1068 3563 causidicisl
1089 3498 1198 3561 fuerit
1213 3500 1385 3578 exactum,

497 3587 669 3652 habeatur
690 3586 892 3650 invalidum.

310 3674 461 3738 XXVII.
497 3673 547 3738 Ut
577 3675 744 3739 iniustum
774 3675 941 3737 iudicium
972 3677 1008 3738 et
1035 3671 1192 3738 definitio
1222 3674 1387 3740 iniustam

367 3899 384 3947 l)
398 3896 599 3941 tut-ludIcandl
613 3901 656 3943 des.
670 3901 719 3944 Ra.
759 3897 878 3951 m)aud1ri
892 3900 942 3942 Rl.
982 3903 1006 3949 ιι)
1020 3897 1119 3940 thlufadl
1132 3901 1182 3945 ΒΞ.
1225 3903 1247 3949 ο)
1261 3903 1293 3940 lta
1307 3902 1386 3946 Em.

261 3957 280 3992 ct
293 3954 317 3992 ln
330 3957 430 3992 contextu
443 3953 493 4002 122,
512 3953 550 3992 uos
566 3954 607 3993 hoe
624 3955 670 3994 loco
688 3955 764 3994 desunt
782 3958 806 3995 ct
819 3975 845 3983 -
859 3953 990 4005 iniungant3
1012 3954 1094 4005 qulbus
1109 3965 1154 4004 pro
1173 3957 1196 3994 et
1212 3955 1316 4005 qualibus
1335 3956 1356 3994 R
1366 3959 1385 4000 1.

261 4009 284 4056 p)
298 4006 421 4047 terminent
434 4028 460 4036 —
475 4004 634 4050 iudicentdas.
648 4007 697 4050 ΒΞ).
765 4007 788 4059 q)
801 4009 835 4046 lta
848 4008 901 4055 1215
921 4008 977 4046 deest
991 4007 1070 4051 XLI.
1134 4010 1153 4056 r)
1168 4019 1202 4058 pr.
1216 4007 1262 4052 iud.
1277 4010 1320 4052 das.
1334 4010 1385 4053 Ra.

261 4061 280 4107 s)
294 4060 414 4109 epistulam
429 4061 477 4103 121.
555 4061 572 4107 t)
586 4061 624 4100 vel
638 4061 736 4110 sigillum
750 4062 804 4112 1213
825 4060 863 4100 vel
877 4081 904 4090 -
918 4065 1067 4102 contemnunt
1080 4061 1113 4099 ita
1127 4061 1151 4100 in
1165 4065 1264 4102 contextu
1278 4062 1328 4112 132,
1347 4063 1386 4102 ubl

260 4112 300 4151 hoo
314 4112 361 4152 loco
375 4113 457 4155 dmum.
511 4115 535 4160 u)
550 4112 752 4157 contonduntlel.
806 4115 830 4162 v)
844 4113 1133 4164 vel-promatca.122.
1188 4118 1218 4164 w)
1233 4119 1321 4166 premat
1334 4116 1385 4160 121.

260 4167 285 4213 x)
298 4166 355 4204 dccet
368 4167 421 4215 31,-
439 4164 486 4210 iud.
500 4177 591 4206 oausam
605 4168 648 4210 das.
662 4168 683 4206 R
692 4168 711 4210 2.
765 4169 789 4219 y)
803 4178 864 4210 caus.
878 4189 904 4197 -
918 4168 1030 4209 sustinere
1045 4169 1089 4211 des.
1103 4169 1123 4207 R
1133 4167 1152 4211 2.
1205 4172 1225 4218 z)
1240 4166 1385 4219 dupondium

260 4214 322 4258 facid
335 4219 384 4261 121.
464 4221 487 4267 a)
501 4216 568 4268 Quod
580 4221 677 4270 prlmum
691 4221 740 4264 Μ.
821 4221 844 4270 b)
858 4218 1004 4266 debeatlil.
1080 4223 1101 4269 c)
1115 4225 1181 4261 ut-
1195 4232 1258 4272 cogn.
1277 4223 1320 4264 deu.
1334 4223 1384 4266 ΒΞ.

261 4269 284 4320 d)
298 4282 367 4312 causa
380 4272 430 4315 121.
471 4271 730 4322 a)1ude1-iudlclum
744 4274 845 4318 ΜΝ.
886 4274 1142 4324 nhabercsusceptum
1156 4275 1205 4317 Rl.
1245 4276 1385 4325 plegem,

261 4325 285 4372 h)
298 4325 336 4365 vel
349 4325 390 4368 sal.
404 4327 505 4370 dcam.
552 4327 570 4376 l)
584 4328 616 4369 Ut
629 4328 679 4369 122.
725 4328 749 4376 k)
763 4325 850 4372 lud.-
863 4327 914 4377 lego
927 4328 1029 4372 deam.
1082 4328 1099 4376 1)
1113 4339 1127 4368 a
1140 4325 1260 4368 ctusldleIs
1275 4329 1383 4382 des.R1;

261 4389 275 4418 a
288 4399 314 4408 -
328 4376 454 4420 lnvslldum
467 4380 511 4424 des.
525 4381 573 4424 122.
628 4383 658 4429 ιιι)
672 4381 712 4424 inl.
726 4403 753 4411 -
766 4382 843 4422 valcat
856 4382 900 4424 das.
913 4381 962 4425 ΒΞ.
