3000 4934
363 369 442 425 Lux
460 370 576 428 VISIG.
595 371 866 430 Rnocnssvnvn.
902 372 957 441 HI,
977 377 1002 443 2,
1020 377 1044 430 7.
1064 377 1096 441 83
1115 378 1140 431 3.
1278 379 1313 432 97

190 554 273 618 fessi
295 554 365 618 iam
384 558 488 619 antea
502 555 656 633 fuerant;
682 556 742 620 sed
765 558 801 620 et
823 576 877 620 res
900 575 1027 633 omnes,
1051 560 1207 641 tempore
1229 580 1313 642 nup-

189 643 319 706 tiarum
340 645 499 727 acceptas
522 662 583 707 seu
598 644 791 727 promissae,
816 645 941 709 mulier
962 645 1018 708 vel
1041 645 1159 729 puella
1175 646 1313 710 sibimet

189 731 390 808 vindicabit,
416 731 445 795 si
467 751 529 815 per
550 732 710 797 idoneam
734 733 974 816 probationem
993 735 1189 812 convicerit,
1214 736 1312 799 mari·

189 823 300 897 tumss,
326 820 368 884 de
392 841 460 903 quo
484 820 608 904 agitur,
634 822 696 884 sub
720 821 948 904 ingenuitatis
971 842 1031 906 spe
1055 822 1121 886 sibi
1144 824 1312 887 sociatum

189 909 306 973 fuisse.
343 907 445 973 Certe
469 909 498 973 si
520 902 657 993 puellell
683 910 740 974 vel
763 910 923 974 mulieres
947 914 1008 974 aut
1032 911 1137 975 etiam
1159 912 1312 995 ipsorum

190 1000 349 1080 parentes
376 997 423 1072 id,
452 998 545 1080 quod
575 998 769 1081 predictum
797 1002 859 1075 est,
890 999 942 1062 ita
964 999 1098 1063 factum
1121 1001 1312 1084 adprobare

189 1079 441 1169 nequiverinti,
473 1106 587 1150 servos
617 1088 747 1170 pariter
777 1081 839 1151 etk
870 1107 989 1151 eorum
1016 1087 1106 1152 filios
1133 1110 1204 1151 una
1234 1109 1312 1153 cum
1385 1096 1388 1103 '

188 1175 291 1238 rebus
321 1174 480 1238 omnibus
509 1174 750 1239 indubitanter
779 1177 908 1260 petitor
931 1177 1113 1241 obtinebit.
1159 1171 1247 1241 Hic¹
1277 1181 1312 1241 ct

190 1264 233 1327 de
262 1262 334 1327 illis
363 1263 499 1326 ancillis
529 1264 614 1327 ordo
645 1265 832 1328 servandus
861 1267 923 1342 est,
955 1284 1021 1348 que
1044 1265 1126 1328 viris
1152 1265 1312 1349 ingenuis

189 1351 255 1414 tali
269 1352 392 1417 fraude
407 1354 599 1416 noscuntur
614 1372 686 1416 esse
703 1353 896 1417 coniuncte.
942 1352 1033 1416 Nam
1056 1356 1092 1418 et
1109 1354 1151 1418 de
1166 1354 1310 1428 libertis

190 1460 275 1523 quos
297 1441 349 1504 ita
367 1441 562 1505 constiterit
578 1441 760 1525 copulatus
783 1442 928 1507 existere
952 1442 1087 1506 ancillis
1110 1445 1172 1505 aut
1195 1443 1310 1519 servis,

190 1529 294 1593 huius
317 1529 515 1594 servandam
538 1530 605 1594 erit
629 1530 760 1593 sanctio
784 1529 880 1613 legis.

598 1665 681 1721 vni.
712 1664 897 1735 ANTIQUA.

190 1761 234 1825 Si
253 1762 415 1845 absque
430 1761 676 1826 volumtate
697 1764 928 1845 parentum
948 1761 1105 1824 mulier
1121 1761 1312 1844 ingenua

364 1850 523 1914 marito
554 1870 596 1914 se
627 1851 894 1933 coniungata
925 1850 1127 1934 ingenuo.

296 1957 353 2021 Si¹
375 1957 493 2041 puella
508 1957 659 2039 ingenua
677 1957 722 2019 ad
737 1956 927 2039 quemlibet
949 1949 1159 2039 ingenuumb
1178 1957 1312 2021 venerit

187 2047 224 2108 in
248 2067 289 2110 ea
312 2046 523 2121 condicione,
554 2049 595 2108 ut
625 2065 704 2108 eum
734 2045 800 2108 sibi
827 2045 990 2107 maritum
1015 2044 1184 2127 adquirat,
1216 2045 1311 2128 prius

189 2155 267 2199 cum
290 2134 405 2219 puelle
424 2133 627 2218 parentibus
643 2132 885 2215 conloquatur;
910 2135 946 2196 et
969 2133 998 2196 si
1021 2133 1221 2210 obtinuerit,
1245 2136 1306 2196 utc

189 2243 264 2288 eam
293 2243 434 2289 uxorem
464 2223 591 2286 habere
621 2215 764 2304 possitl‚
800 2221 951 2304 pretium
987 2221 1077 2284 dotis
1109 2222 1311 2305 parentibus

188 2313 271 2390 eius,
295 2315 356 2375 ut⁰
376 2313 507 2375 iustum
523 2313 585 2387 est,
609 2309 794 2393 inpleatur.
842 2309 879 2372 Si
893 2329 974 2374 vero
990 2310 1056 2373 hoc
1071 2331 1142 2374 non
1157 2311 1311 2393 potuerit

188 2401 353 2477 obtinere,
383 2399 501 2484 puella
522 2400 559 2461 in
583 2401 767 2482 parentum
789 2402 962 2483 potestate
987 2399 1162 2462 consistat.
1211 2397 1311 2478 Quod

188 2489 217 2552 si
240 2490 368 2572 absque
388 2481 606 2572 cognitiones
624 2489 660 2551 et
676 2507 844 2552 consensu
859 2490 1042 2572 parentum
1058 2488 1178 2552 cadem
1193 2489 1312 2571 puella

187 2578 346 2661 isponteg
364 2578 472 2641 fuerit
489 2577 563 2640 viro
579 2576 773 2653 coniuncta,
798 2579 833 2640 et
857 2596 932 2640 cam
955 2579 1116 2660 parentes
1138 2577 1176 2638 in
1199 2577 1312 2659 gratia

188 2666 340 2748 recipere
362 2665 548 2743 noluerint,
572 2666 696 2730 mulier
712 2685 790 2729 cum
805 2665 972 2729 fratribus
996 2665 1065 2729 suis
1088 2665 1125 2727 in
1140 2665 1311 2729 facultate

189 2755 372 2836 parentum
401 2773 472 2816 non
501 2754 665 2818 succedat
674 2754 695 2830 ²,
730 2774 793 2838 pro
823 2774 864 2818 eo
894 2754 986 2837 quod
1017 2753 1089 2817 sine
1118 2753 1310 2818 volumtate

188 2834 393 2925 parentumll
411 2842 589 2906 transierit
604 2842 743 2926 pronior
759 2843 804 2905 ad
819 2843 993 2906 maritum.
1038 2841 1129 2904 Nam
1149 2843 1310 2906 derebus

188 2930 258 2994 suis
288 2930 318 2992 si
348 2930 479 3013 aliquid
509 2931 541 2994 ei
571 2924 748 3015 parentes¹
781 2930 908 2996 donare
938 2931 1125 3007 voluerint,
1157 2931 1310 2995 habeant

187 3021 412 3103 potestatem;
443 3019 519 3103 ipsa
546 3038 680 3102 quoque
709 3019 751 3084 de
775 3019 911 3083 donatis
935 3022 970 3083 et
993 3019 1185 3102 profligatis
1208 3020 1310 3084 rebus

187 3109 339 3173 faciendi
362 3108 455 3191 quod
477 3107 627 3173 voluerit
649 3107 847 3172 libertatem
870 3107 1023 3171 habebit.

258 3341 329 3403 III.
346 3337 561 3404 TITULUS:
598 3337 661 3401 DE
690 3336 846 3401 RAPTU
875 3335 1118 3401 VIRGINUM
1148 3335 1240 3399 Van

615 3443 881 3509 VIDUARUM.

284 3554 312 3616 Ι.
349 3553 386 3617 Si
415 3554 586 3636 ingenuus
611 3552 818 3635 ingenuam²
845 3550 959 3634 rapiat
982 3543 1195 3626 mulierem,
1227 3549 1310 3614 licet

346 3642 428 3794 ἓξ
439 3641 686 3794 ᾙΞὲἢηὺθω
701 3640 834 3724 perdat,
859 3641 911 3704 ste
934 3641 1051 3704 tamen
1073 3638 1128 3701 illi
1147 3639 1310 3723 coniungi

294 3885 424 3935 mmai-itus
439 3886 485 3925 Rl.
539 3885 609 3932 mita
624 3883 733 3933 Β].Ε1;
748 3882 874 3932 puellare!
890 3882 1033 3925 muneras.
1088 3882 1309 3931 bneqnlveritlll.

188 3939 342 3988 niumm.
396 3938 546 3986 l)Hinch,
600 3933 817 3986 mmor-vendent

294 3992 358 4034 VIII.
399 3994 421 4041 a)
440 3992 519 4039 iunget
537 3991 584 4032 ΕΙ.
665 3990 688 4039 b)
706 3990 803 4039 ingenuo
822 3989 869 4034 131.
949 3993 970 4038 c)
989 3994 1014 4029 ut
1032 3990 1061 4031 al.
1080 4000 1108 4032 m.
1122 3993 1173 4037 port
1192 3990 1242 4031 add.
1257 3990 1307 4038 R1;

187 4047 244 4086 dccet
258 4046 278 4085 R
287 4046 307 4088 2.
387 4043 411 4094 d)
428 4055 495 4094 posse
508 4044 529 4082 12
538 4044 557 4086 2.
639 4045 660 4091 c)
678 4041 739 4093 quod
753 4044 799 4085 ΕΙ.
879 4043 1061 4091 ocognltlonem
1076 4047 1100 4082 et
1113 4053 1246 4082 consensum
1260 4043 1309 4085 122.

187 4101 210 4148 κ)
224 4104 305 4150 sponte
319 4098 368 4140 ΒΞ.
422 4098 446 4147 h)
460 4101 609 4148 paparanum
624 4097 671 4138 121.
724 4096 741 4144 l)
755 4100 874 4145 parentum
889 4097 935 4138 ΕΙ.

294 4153 352 4195 TIT.
361 4152 404 4194 111.
437 4154 460 4199 a)
474 4152 572 4199 Ingenua
586 4151 632 4192 ΕΙ.
675 4149 699 4196 b)
712 4149 797 4199 reliqua
811 4149 911 4188 rubricae
921 4160 979 4198 pars
992 4149 1049 4188 deest
1063 4149 1083 4188 R
1092 4149 1111 4192 2.
1153 4151 1173 4198 c)
1187 4149 1248 4188 illam
1262 4150 1308 4191 Bl.

188 4277 215 4343 1)
233 4278 274 4341 Cf.
294 4276 326 4330 L.
346 4277 432 4342 Bury.
451 4277 494 4342 12,
513 4277 539 4341 4,
565 4280 589 4327 et
606 4274 686 4338 infra
704 4273 759 4339 III,
779 4275 805 4340 4,
820 4275 845 4328 7.
947 4273 975 4341 2)
996 4273 1036 4339 Of.
1056 4273 1088 4327 L.
1108 4274 1194 4339 Bury.
1214 4275 1256 4339 12,
1276 4276 1308 4335 5;

188 4348 297 4415 Liutpr.
315 4347 397 4413 Lapa
414 4349 521 4408 5.119‚·
539 4345 572 4397 L.
588 4345 673 4400 Tbun
691 4346 742 4406 4‘1,·
760 4345 794 4399 R.
811 4345 964 4412 Schrader,
984 4345 1028 4398 ‘D.
1041 4343 1113 4399 Rc!
1128 4362 1158 4412 p.
1171 4347 1232 4399 317.

270 4452 313 4494 Ιιῐι.
324 4452 394 4502 vnis.
407 4458 454 4496 ant.
1078 4452 1094 4504 7
