3000 4934
343 378 420 432 LEX
439 377 554 434 VISIG.
573 377 843 433 REOCESSVIND.
881 376 963 445 VIII,
983 381 1008 446 2,
1029 382 1052 433 1.
1072 381 1098 434 2.
1230 383 1283 436 233

158 561 364 644 positionem
380 561 484 636 illius,
509 561 546 623 in
563 562 660 624 cuius
677 561 817 624 domum
833 561 949 643 ignem
973 560 1076 635 misit,
1101 561 1280 644 inpletam,

159 649 290 732 aliquid
314 650 356 713 de
379 649 609 713 facultatibus
639 650 712 714 eius
743 649 961 732 cognoscitur
991 649 1165 713 residuum
1191 669 1280 727 esse,

158 739 209 800 ita
231 741 272 800 ut
295 738 400 801 simili
420 739 521 801 modo
539 758 653 802 coram
668 739 817 802 testibus
841 740 1056 801 sacramenta
1072 738 1280 821 dependant,

158 847 193 889 se
217 846 286 889 non
310 827 458 910 amplius
474 829 639 910 repetere,
664 847 768 909 quam
783 826 944 890 incendio
960 826 1195 909 perdiderunt.
1236 826 1282 890 Et

158 914 186 977 si
216 918 295 998 post
326 916 447 978 datum
477 919 729 979 sacramentum
764 916 956 999 periurasse
987 917 1279 997 cognoscuntur0,

157 1004 230 1077 hec,
256 1023 321 1085 que
346 1004 493 1088 amplius
517 1004 703 1087 exegerint,
728 1005 765 1066 in
789 1003 934 1087 duplum
958 1003 999 1079 ei,
1024 1023 1126 1085 quem
1141 1003 1281 1067 fraudu-

157 1092 253 1154 lenta
283 1093 471 1156 ambitione
502 1092 665 1156 damnare
692 1092 885 1167 voluerant,
918 1095 1086 1174 cogantur
1113 1091 1279 1156 exolvere,

158 1179 225 1257 Qui
248 1199 329 1243 vero
353 1183 450 1244 extra
474 1179 672 1244 civitatem¹
700 1181 736 1242 in
765 1180 904 1243 domum
933 1180 1043 1242 mittit
1070 1173 1278 1256 incendium,

156 1270 280 1344 omnia,
313 1287 379 1350 que
409 1271 491 1331 sunt
520 1269 557 1330 in
581 1268 682 1331 domo
705 1268 854 1344 incensa,
885 1269 1048 1332 restituat
1071 1271 1107 1332 et
1129 1269 1279 1351 pretium

157 1357 295 1419 domino
331 1357 451 1420 domus
486 1357 629 1420 reddere
669 1377 738 1420 non
773 1359 941 1432 moretur;
983 1357 1043 1420 sed
1077 1356 1145 1432 his,
1182 1357 1279 1421 cuius

156 1444 277 1507 domus
300 1445 440 1508 incensa
463 1448 525 1521 est,
551 1465 666 1508 coram
682 1445 831 1509 testibus
854 1444 1078 1507 iurisiurandi
1100 1445 1278 1528 interposi·

155 1533 250 1596 tione
281 1534 474 1609 confirmet,
506 1553 542 1598 se
572 1553 642 1596 non
673 1533 821 1617 amplius
851 1533 1041 1617 postulare,
1073 1554 1176 1616 quam
1206 1554 1278 1618 per·

155 1621 300 1685 diderat.
337 1615 403 1684 Etf
423 1622 451 1685 si
475 1625 553 1706 p'ost
571 1623 692 1685 datum
716 1625 968 1686 sacramentum
992 1622 1150 1706 amplius,
1175 1643 1278 1705 quam

154 1703 385 1793 perdideratf,
403 1711 571 1793 errigisseg
586 1711 785 1788 dinoscitur,
803 1711 840 1773 in
856 1711 1001 1795 duplum
1018 1712 1059 1787 ei,
1077 1711 1136 1794 qui
1153 1712 1278 1775 damna

154 1799 328 1875 sustinuit,
354 1802 493 1862 coactus
517 1799 663 1864 exolvat.
712 1798 813 1878 Quod
836 1800 866 1863 si
889 1801 993 1863 etiam
1016 1800 1128 1864 vicine
1156 1800 1277 1864 domus

154 1907 195 1950 ex
219 1907 268 1962 eo,
300 1888 392 1970 quod
420 1881 625 1951 inmissumh
657 1892 710 1953 est
737 1888 946 1964 incendium,
977 1889 1069 1952 forte
1098 1892 1276 1953 consumte

153 1978 243 2051 sunt,
269 1976 298 2038 si
322 1977 364 2040 de
388 1976 486 2040 bonis
510 1977 583 2040 eius
607 1977 828 2060 superfuerit,
853 1977 945 2040 unde
969 1970 1040 2039 his¹
1072 1977 1176 2040 etiam
1200 1996 1276 2039 oon·
1327 2048 1331 2056 ,

154 2067 312 2147 ponatur,
349 2059 425 2126 hiik
458 2084 592 2147 quoque
627 2065 752 2128 amissa
786 2064 965 2146 recipiant.
1023 2063 1123 2127 Prius
1157 2067 1275 2130 tamen

154 2172 232 2214 cum
266 2155 480 2216 sacramento
515 2173 629 2215 coram
661 2152 810 2215 testibus
840 2145 1102 2236 profiteantur¹,
1139 2172 1174 2217 se
1204 2175 1274 2218 non

154 2239 301 2323 amplius
327 2261 429 2322 quam
453 2240 707 2322 perdiderantm
730 2240 916 2324 postulare.
963 2240 1009 2303 Et
1032 2241 1061 2304 si
1084 2241 1274 2325 periurasse

154 2331 408 2409 cognoscuntur
431 2331 493 2391 aut
516 2328 664 2412 amplius
688 2329 849 2412 exegisse,
877 2329 914 2391 in
938 2330 1083 2413 duplum
1106 2330 1147 2407 ei,
1172 2351 1274 2413 quem

151 2416 216 2478 tali
239 2416 362 2480 fraude
386 2417 672 2495 damnaveranrn,
698 2417 787 2481 male
804 2421 925 2482 exacta
939 2418 1143 2496 restituant3
1168 2419 1219 2482 ita
1233 2423 1274 2483 ut

152 2526 213 2588 pro
244 2506 459 2589 correptione
489 2507 549 2588 qui
579 2507 718 2570 domum
741 2507 944 2571 incenderat
967 2518 988 2571 0
1011 2507 1150 2591 flagella
1173 2509 1274 2573 susci·

151 2593 235 2676 piat.
289 2593 335 2656 nt
362 2594 568 2677 quicumque
595 2596 667 2660 tale
696 2595 860 2659 damnum
895 2596 1082 2660 admittens
1117 2617 1187 2660 non
1217 2599 1274 2661 ha-

151 2682 278 2759 buerit,
315 2684 407 2747 unde
443 2687 630 2767 conponat,
669 2684 829 2749 servituti
863 2685 1050 2749 subiaceat.
1109 2685 1146 2748 Si
1181 2690 1273 2751 certe

151 2772 395 2854 cuiuscumque
419 2792 536 2836 servus
559 2773 629 2837 sive
657 2773 858 2837 incivitate
884 2774 954 2837 sive
983 2777 1080 2837 extra
1107 2774 1268 2838 civitate⁰

150 2859 347 2923 incendium
370 2859 529 2924 intulisse
553 2862 780 2943 cognoscitur,
806 2862 974 2936 dominus,
1000 2862 1028 2924 si
1049 2881 1184 2926 servum
1199 2865 1272 2925 tam

150 2948 306 3010 nocentis
337 2948 477 3010 admissi
503 2948 653 3012 voluerit
683 2949 830 3013 liberare
854 2970 875 3012 a
898 2949 1077 3033 supplicio,
1109 2971 1171 3033 pro
1199 2951 1272 3014 eius

151 3035 292 3098 crimine
323 3055 515 3118 conponere
545 3058 614 3099 non
643 3041 810 3114 moretur,
842 3038 893 3099 ita
920 3040 961 3100 ut
988 3058 1105 3101 servus
1134 3038 1271 3121 publice

150 3132 194 3186 00
224 3123 340 3186 hictus
370 3123 518 3206 accipiat
548 3124 775 3207 flagellorum.
822 3125 890 3189 Sed
920 3124 990 3202 ille,
1023 3126 1119 3189 cuius
1150 3127 1271 3190 domus

150 3210 290 3274 incensa
320 3214 385 3287 est,
422 3211 535 3276 iurare
570 3216 723 3295 cogatur,
760 3233 795 3276 se
826 3213 973 3297 amplius
1005 3235 1075 3277 non
1104 3218 1269 3299 repetere,

150 3320 252 3381 quam
275 3299 312 3361 in
335 3299 409 3363 eius
433 3300 534 3363 domo
550 3300 688 3364 flamma
711 3302 910 3365 consumsit.
957 3302 1003 3365 nt
1026 3303 1055 3365 si
1079 3323 1270 3387 conponere

150 3408 211 3469 pro
242 3407 339 3451 servo
369 3388 529 3465 noluerit,
561 3390 721 3453 tradatur
751 3410 867 3454 servus
896 3392 940 3454 nd
967 3411 1101 3475 penam,
1131 3395 1171 3454 ut
1195 3412 1270 3476 sup-

150 3476 253 3558 plicio
278 3477 419 3560 capitali
443 3478 592 3541 admissa
614 3479 797 3562 persolvat.

563 3630 603 3687 11.
634 3631 847 3702 Anrrouna.

324 3718 391 3788 Sib
424 3726 540 3809 ignis
570 3727 831 3790 inmittatur
861 3727 904 3790 in
934 3728 1086 3792 eilrat.

255 3830 292 3893 Si
324 3832 399 3914 quis
432 3833 715 3916 qualemcumque
746 3834 867 3897 silvam
897 3835 1091 3898 incenderit
1120 3835 1269 3899 alienam

149 3919 218 3981 sive
242 3920 356 4002 piceas
380 3920 517 3985 arbores
533 3921 588 3985 vel
613 3923 751 3998 caricas,
776 3924 841 3986 hoe
866 3927 918 3987 est
942 3918 1058 3999 ficosi,
1083 3927 1144 3987 aut
1161 3925 1269 3987 cuius·

255 4073 276 4122 e)
290 4078 414 4112 noscuntur
428 4074 473 4115 1³2.
521 4075 623 4120 nm-
637 4074 769 4124 perdiderat
782 4077 825 4119 dee.
840 4078 888 4119 82,
936 4079 959 4126 g)
973 4079 1075 4126 exegisse
1089 4079 1137 4120 ΒΞ,
1179 4078 1269 4125 hlurlr-

147 4137 196 4163 enm
211 4126 262 4174 1213
285 4127 452 4168 lamisonem.
527 4129 543 4175 l)
557 4129 590 4167 ele
605 4130 653 4170 132.
721 4129 857 4179 mituli&
880 4131 977 4174 11ch1,
1045 4131 1061 4182 1)
1075 4131 1268 4180 ρτοίίῐοιῐιιτΗΙ.

148 4183 177 4226 m)
192 4176 324 4228 perdiderat
338 4180 383 4221 ΕΙ.
438 4183 461 4227 n)
476 4177 634 4221 damnaverint
648 4182 697 4223 Ra.
751 4186 772 4231 o)
787 4184 903 4223 civitatem
917 4184 963 4225 Bt.

255 4233 284 4274 11.
325 4233 481 4279 adcreuit.
535 4235 558 4282 b)
572 4233 637 4282 Quod
652 4235 730 4278 elRl.
785 4239 806 4283 c)
819 4237 899 4276 clivam
914 4237 962 4278 Η.
1017 4235 1040 4284 d)
1055 4235 1108 4276 fleur
1123 4238 1171 4280 1³2.

149 4340 175 4403 1)
193 4338 234 4404 Cf.
254 4339 317 4405 Diu.
337 4341 354 4393 l.
373 4356 394 4394 c.
413 4342 444 4391 in
462 4342 483 4405 f.
