3000 4934
242 359 295 413 158
433 354 510 410 Lux
528 352 643 412 VISIG.
662 351 932 410 RucensszD.
967 352 1004 422 V,
1023 357 1048 422 4,
1063 356 1177 411 19-21.

242 541 305 602 aut
327 537 382 602 vel
405 559 474 602 unc
498 537 645 602 forsitan
668 556 759 600 anno
788 536 932 601 reddere
960 537 1156 601 censionem
1183 538 1293 621 ipsam
1317 540 1364 603 di·

243 626 397 692 stulerit:
422 647 501 690 mox
520 629 588 689 utt
605 626 696 709 regis
719 625 896 689 auditibus
919 625 990 689 sive
1007 625 1142 689 comitis
1158 622 1220 689 aut
1240 627 1364 690 iudicis

242 716 346 779 huius
368 715 418 779 rei
441 715 533 779 actio
555 713 757 790 innotuerit,
781 732 954 797 possessor
976 707 1145 778 admissoh
1165 715 1287 798 pretio,
1309 715 1364 779 uel

243 804 271 867 si
306 804 390 887 quid
425 806 566 868 econtra
600 803 757 878 dederat,
793 801 830 864 id
865 801 985 879 etiam,
1021 803 1114 884 quod
1143 803 1291 886 accepit,
1323 823 1365 868 ex

243 891 401 956 omnibus
430 892 568 975 perdat3
599 890 651 955 ita
673 893 714 954 ut
737 890 902 974 principis
926 893 1088 974 potestas,
1120 910 1182 955 seu
1211 891 1274 968 illi,
1305 893 1365 975 qui

243 980 400 1059 dederat,
435 980 580 1044 reddere
610 978 773 1055 voluerit,
809 978 880 1043 sive
915 978 989 1056 clii3
1026 978 1173 1044 fortasse
1208 980 1364 1045 conferre

242 1068 421 1132 licentiam
449 1067 588 1133 habeat.
635 1066 725 1151 Ipsis
754 1067 895 1132 interim
923 1066 1111 1131 curialibus
1138 1068 1194 1133 vel
1222 1069 1364 1152 privatis

242 1149 351 1221 inter¹
377 1176 413 1223 se
436 1156 618 1233 vendendi,
643 1155 796 1220 donandi
816 1154 873 1219 vel
897 1155 1133 1220 commutandi
1155 1156 1206 1221 ita
1229 1157 1364 1221 licitum

243 1245 318 1322 erit,
350 1248 391 1308 ut
417 1244 488 1322 ille,
519 1245 579 1327 qui
608 1244 790 1328 acceperit,
821 1243 1038 1309 functionem
1064 1244 1115 1309 rei
1143 1248 1283 1328 accepte
1305 1266 1364 1329 pu-

242 1333 343 1398 blicis
366 1332 603 1397 hutilitatibus
619 1333 808 1416 inpendere
823 1353 893 1396 non
908 1335 1055 1397 recuset.
1100 1332 1191 1397 Nam
1213 1332 1365 1418 plebeisl

243 1421 381 1505 glebam
408 1442 506 1486 suam
534 1420 710 1486 alienandi
731 1420 866 1485 nullam
889 1442 1053 1505 umquam
1075 1425 1229 1506 potestas
1253 1441 1364 1487 mane·

243 1510 305 1585 bit,
330 1503 567 1575 admissurusk
584 1509 706 1594 procul
723 1509 828 1573 dubio
843 1510 1005 1593 pretium,
1028 1509 1085 1574 vel
1109 1511 1138 1573 si
1161 1511 1244 1594 quid
1260 1512 1365 1575 conti-

243 1598 335 1682 gerit
371 1599 556 1682 accepisse,
597 1598 803 1682 quicumque
842 1602 920 1681 post
959 1599 1050 1663 hanc
1088 1598 1202 1684 legem
1234 1600 1363 1677 vineas,

242 1690 362 1764 terras,
395 1687 580 1770 domosque
608 1706 670 1751 seu
697 1687 869 1770 mancipia
897 1687 940 1750 ab
964 1686 1072 1751 officii
1094 1687 1199 1752 huius
1222 1688 1365 1752 homini-

244 1769 325 1839 busl
356 1775 511 1859 accipere
534 1775 740 1859 quandoque
762 1775 995 1859 presumserit.

572 1933 575 1938 ·
646 1927 710 1984 xx.
741 1926 955 1998 ANTIQUAa.

245 2023 288 2088 si
310 2042 378 2088 res
402 2023 482 2089 ille
505 2023 753 2088 vendantur
777 2026 851 2087 aut
875 2023 1109 2100 donentur,
1141 2043 1219 2107 que
1242 2024 1365 2108 prius

389 2105 650 2178 debuerintb
677 2132 753 2196 per
775 2111 990 2176 iudicium
1013 2111 1220 2177 obtineri.

351 2215 411 2282 812
444 2219 520 2302 quis
553 2237 640 2295 rem,
680 2239 746 2301 que
782 2221 835 2283 est
868 2238 930 2302 per
963 2217 1130 2281 iudicium
1164 2219 1363 2302 repetenda,

188 2298 193 2310 '
243 2307 445 2392 priusquam
472 2307 705 2371 adversarium
728 2306 938 2371 iudicialiter
961 2309 1148 2390 superaret,
1177 2306 1229 2370 ita
1250 2307 1365 2371 vendi-

244 2395 336 2460 derit
362 2395 418 2459 vel
446 2395 626 2459 donaverit
655 2393 761 2459 alicui
790 2399 852 2460 aut
881 2395 1030 2460 forsitan
1056 2394 1242 2460 tradiderit
1269 2415 1365 2460 occu·

242 2484 403 2568 pandam,
434 2485 475 2545 ut
505 2481 633 2566 absque
663 2483 841 2548 audientia
867 2483 1056 2548 iudicantis
1083 2483 1239 2567 privetur
1262 2484 1366 2548 domi-

242 2573 339 2635 nium
369 2571 587 2655 possessoris:
618 2572 692 2655 ipse
723 2572 782 2655 qui
811 2572 965 2657 possedit
995 2592 1057 2655 per
1087 2573 1360 2636 exsecutionem⁰

242 2659 377 2736 iudicis,
408 2679 490 2737 rem,
520 2679 587 2743 que
617 2664 787 2744 occupata
816 2661 940 2739 fuerat,
973 2661 1092 2725 statim
1115 2660 1270 2744 recipiat,
1301 2681 1365 2725 nec
1438 2709 1441 2715 .

244 2749 286 2814 de
311 2749 385 2813 eius
406 2748 627 2832 postmodum
641 2750 849 2832 repetitione
870 2749 1068 2827 contendat,
1094 2749 1200 2814 etiarn
1223 2749 1253 2813 si
1274 2748 1367 2814 bona

243 2837 289 2902 sit
324 2857 427 2901 causa
460 2837 622 2921 petentis.
675 2838 743 2903 Ille
772 2858 863 2915 vero,
898 2838 958 2921 qui
993 2832 1081 2902 hoc(1
1111 2837 1270 2903 vendidit
1304 2841 1366 2902 aut

243 2926 411 2990 donabit⁰
445 2925 501 2990 vel
535 2927 697 3010 occupari
730 2926 899 3010 precepit,
939 2927 1032 3009 quod
1065 2927 1155 2991 iuste
1188 2926 1365 2991 vindicare

242 3015 443 3080 nullatenus
470 3015 595 3098 potuit,
627 3015 781 3080 eiusdem
810 3014 926 3080 meriti
952 3034 1026 3079 rem
1056 3017 1118 3078 aut
1147 3015 1299 3099 pretium
1322 3015 1363 3092 ei,

243 3124 354 3187 aquo
377 3103 489 3168 victus
512 3102 629 3181 fuerit,
657 3123 840 3188 repensare
864 3106 1024 3187 cogatur3
1055 3103 1243 3187 quierem,
1273 3107 1365 3168 ante-

242 3212 346 3275 quam
367 3184 596 3270 vindicaretf,
620 3191 706 3256 fecit
728 3192 856 3256 invadi.

325 3344 405 3402 XXI.
437 3343 607 3401 FLAVI'US
626 3344 846 3401 GLORIORUS
864 3343 1175 3401 Recenssvmnus
1192 3344 1281 3401 REX.

287 3458 347 3523 De
382 3458 615 3542 mancipiis
650 3458 699 3521 ab
735 3439 940 3522 hostibus
975 3458 1206 3546 occupatis
1240 3458 1319 3521 nac

699 3546 906 3611 venditis.

351 3652 572 3736 Quecumque
601 3651 774 3735 mancipia
802 3652 844 3717 de
869 3652 1067 3735 regionibus
1090 3652 1218 3717 nostris
1241 3651 1284 3715 ab
1309 3650 1364 3714 ad-

241 3741 349 3805 versis
383 3740 541 3804 hostibus
576 3740 755 3805 extiterint
787 3740 995 3823 hoccupata‚
1034 3741 1062 3805 si
1092 3741 1136 3806 ab
1167 3739 1364 3804 hominibus

349 3895 605 3944 mammillam.
648 3895 767 3944 humbro
781 3895 830 3939 Rs.
871 3894 990 3947 mutem
1004 3896 1043 3935 131
1054 3907 1099 3946 pro
1113 3895 1219 3939 interro.
1259 3894 1284 3942 k)
1298 3894 1365 3934 amla-

242 3958 308 3989 surus
322 3948 372 3991 132.
425 3948 558 3996 nomnibus
572 3949 618 3991 121.

349 4002 396 4044 XX.
430 4004 452 4050 a)
466 4003 523 4041 docet
536 4002 585 4045 132.
631 4002 654 4050 b)
669 3999 797 4042 debuerunt
810 4002 860 4045 122.
901 4002 1106 4050 cunctationem
1120 4002 1170 4046 Bt.
1210 3999 1233 4051 d)
1247 4002 1304 4041 docet
1317 4001 1365 4044 ΕΙ.

243 4054 265 4107 e)
278 4052 373 4095 donavit
387 4055 436 4099 Μ,
489 4055 553 4102 otta
566 4055 613 4097 121.
627 4056 680 4106 E'13
699 4056 802 4096 vinceret
816 4056 837 4095 R
846 4055 865 4098 2.

244 4179 270 4247 1)
287 4180 376 4232 Peter
391 4186 519 4232 ocantur
531 4180 619 4232 coloni
635 4180 724 4246 plotae
741 4180 891 4248 adscriptk
908 4180 942 4244 ef.
956 4179 1040 4246 Περεῖ
1058 4179 1076 4235 l.
1088 4196 1126 4242 e.,·
1144 4178 1291 4245 Helfferr‘ch
1311 4179 1329 4233 l.
1342 4193 1363 4232 c.

239 4253 424 4319 p.124.160,·
448 4250 532 4303 Dahn
551 4250 569 4305 l.
582 4267 603 4304 c.
619 4268 648 4320 p.
661 4252 722 4307 314.
796 4252 825 4319 2)
841 4252 1114 4304 Animadvertendum
1131 4257 1177 4317 cet,
1197 4256 1297 4318 quanto
1308 4250 1365 4302 dis·

241 4329 326 4391 crepet
344 4322 407 4376 baec
426 4322 469 4376 lea
489 4323 620 4391 ‘antiqua’
638 4339 657 4374 a
673 4323 791 4389 pecuina
809 4323 908 4375 Rurici
924 4323 1113 4378 manaim.
