3000 4934
244 367 295 420 rso
426 360 504 416 anx
522 359 637 418 visre.
656 359 924 417 anconssvnm.
961 359 1031 429 nn,
1051 365 1077 429 a,
1094 365 1126 429 4;
1151 364 1176 416 4.

242 545 379 622 sistunt,
405 564 472 627 quo
496 543 657 607 extinctis
681 543 821 606 vocibus
845 562 963 607 eorum
987 562 1052 625 que
1076 542 1147 607 illis
1171 547 1362 627 conpetunt

241 653 429 715 numquam
457 633 628 714 inquirere
651 631 707 695 vel
729 631 880 714 recipere
908 632 1165 715 permittantur,
1198 632 1292 708 adeo,
1322 636 1362 695 ut

241 721 392 786 melioris
422 720 587 786 mercedis
615 723 750 804 partem
772 723 891 783 nostra
914 720 1098 783 clementia
1122 725 1360 802 consequatur,

242 811 324 873 dum
349 811 591 893 conpetentem
610 828 726 872 curam
743 809 872 872 eisdem
895 808 1085 871 minoribus
1107 809 1267 891 inrogare
1290 829 1361 892 per-

240 898 413 982 penditur,
444 897 508 960 hec
536 897 762 961 custodienda
785 896 894 960 modis
917 896 1076 960 omnibus
1100 897 1252 960 conditio
1276 898 1362 960 ordi·

240 989 358 1049 natur:
383 989 424 1048 ut
447 985 517 1049 sive
540 984 576 1047 in
600 985 724 1048 minori
743 987 846 1060 etate,
871 985 942 1048 sive
966 985 1071 1048 etiam
1087 985 1242 1067 quamvis
1266 1006 1362 1067 quar-

240 1077 318 1137 tum
348 1073 519 1137 decimum
550 1073 650 1136 etatis
681 1093 810 1136 annum
835 1073 1019 1136 videantur
1048 1073 1174 1157 pupilli
1203 1075 1360 1146 transire,

240 1166 358 1226 tamen
386 1162 415 1226 si
442 1164 575 1225 tutores
603 1161 717 1225 adhuc
740 1161 795 1225 vel
819 1161 910 1245 ipsos
932 1160 989 1225 vel
1013 1181 1130 1225 eorum
1158 1180 1213 1225 res
1240 1163 1277 1223 11
1301 1183 1362 1225 sua

241 1252 413 1334 potestate
450 1252 641 1314 noscuntur
674 1250 815 1326 habere,
855 1269 1105 1331 quamcumque
1143 1250 1362 1334 iscripturam

241 1339 437 1403 securitatis
467 1339 528 1402 aut
558 1337 703 1402 alicuius
731 1336 953 1420 obligationis
982 1338 1094 1420 adque
1117 1339 1362 1402 transactionis

240 1427 323 1511 ipsis
356 1426 531 1491 tutoribus
565 1425 621 1490 vel
657 1427 859 1507 cuicumque
896 1446 1039 1509 persone
1078 1446 1139 1511 per
1173 1427 1362 1491 factionem

239 1518 396 1578 tutorum
411 1514 534 1579 fecisse
549 1515 798 1598 repperiantur,
823 1515 939 1578 omnia
954 1514 1108 1578 invalida
1131 1518 1167 1579 91
1186 1515 1363 1579 exinanita

240 1604 378 1686 penitus
408 1606 622 1686 reputentur.
670 1601 757 1666 Oum
784 1622 864 1666 vero
894 1606 1031 1687 tempus
1061 1603 1142 1666 illut
1173 1604 1360 1678 advenerit,

241 1692 379 1773 quando
403 1711 491 1766 eum,
517 1691 576 1773 qui
599 1689 662 1753 sub
685 1690 834 1754 tuitione
849 1690 929 1767 fuit,
953 1710 1026 1755 rem
1050 1691 1086 1753 in
1104 1712 1166 1755 sua
1189 1696 1362 1775 potestate

241 1782 399 1864 oporteat
427 1780 592 1861 redigere,
623 1782 708 1842 tunc
737 1778 798 1842 1119
827 1783 933 1856 tutor,
964 1800 1077 1843 coram
1106 1781 1283 1844 sacerdote
1306 1781 1362 1844 vel

240 1868 355 1931 iudice
384 1866 518 1951 pupillo
543 1869 585 1931 de
610 1867 743 1931 cunctis
772 1866 875 1931 rebus
901 1868 1041 1931 reddita
1067 1869 1211 1944 ratione,
1243 1869 1286 1932 ab
1311 1888 1360 1945 ec,

241 1975 343 2038 quem
357 1957 470 2019 tuitus
486 1959 547 2032 est,
573 1955 769 2019 securitatis
793 1956 997 2039 scripturam
1014 1960 1174 2039 procuret
1191 1957 1360 2040 accipere;

240 2045 356 2128 sicque
383 2048 517 2108 remota
545 2045 639 2107 omni
666 2044 844 2107 occasione
872 2065 1029 2128 pressure
1053 2048 1114 2108 aut
1136 2045 1281 2128 recipiat
1304 2067 1362 2128 pu-

240 2133 354 2217 pillus,
380 2134 472 2215 quod
494 2133 585 2197 iuste
608 2132 674 2198 sibi
690 2132 808 2197 deberi
825 2133 1033 2216 cognoverit,
1059 2137 1120 2196 aut
1143 2132 1252 2197 libero
1277 2133 1362 2196 arbi·

239 2222 307 2285 trio
331 2221 491 2285 derebus
514 2222 594 2298 suis,
618 2224 736 2284 utrum
753 2216 973 2297 cessionemd,
999 2242 1041 2285 an
1059 2221 1198 2304 qualem
1213 2221 1363 2285 voluerit

241 2310 399 2374 ordinare
416 2310 661 2386 definitionem,
681 2308 821 2393 plenam
837 2309 965 2373 habeat
981 2309 1189 2374 libertatem.
1229 2309 1266 2373 Si
1282 2330 1361 2373 vero

240 2398 429 2482 proveniat,
453 2401 503 2474 ut,
528 2398 612 2460 dum
634 2398 671 2460 in
686 2398 835 2461 tuitione
859 2401 920 2473 est,
945 2397 1085 2462 mortali
1108 2399 1251 2481 langore
1266 2419 1362 2462 vexe-

240 2489 307 2562 tur,
332 2487 422 2567 quod
447 2486 490 2549 de
514 2486 579 2549 sibi
603 2485 729 2549 debitis
751 2485 854 2549 rebus
876 2485 1030 2550 iudicare
1055 2486 1234 2569 helegerit,
1263 2507 1284 2550 a
1307 2487 1361 2551 de-
1389 2517 1412 2553 v.

241 2574 329 2639 cimo
352 2575 456 2638 etatis
479 2593 540 2637 sue
563 2594 653 2636 anno
676 2574 774 2636 iuxta
793 2574 959 2651 ordinem,
984 2575 1103 2657 quiin
1119 2575 1189 2638 alia
1211 2574 1288 2658 lege
1309 2579 1361 2639 est

242 2662 404 2726 definitus
415 2662 435 2739 1,
470 2662 599 2726 habeat
632 2662 866 2746 plenissimam
900 2667 1119 2746 potestatem.
1172 2663 1226 2727 De
1259 2663 1362 2727 rebus

241 2771 322 2816 vero
345 2751 480 2826 tutoris,
506 2771 566 2815 seu
584 2750 712 2827 vivens,
737 2752 807 2815 sive
830 2752 979 2815 moriens
1001 2752 1095 2816 idem
1116 2755 1214 2816 tutor
1237 2772 1294 2816 eas
1317 2773 1362 2816 an

240 2839 334 2915 filiis,
370 2859 416 2903 an
444 2838 716 2922 quibuscumque
746 2840 899 2924 personis
928 2840 1122 2922 reliquerit,
1158 2840 1186 2903 si
1219 2840 1361 2925 pupillis

239 2928 377 2992 reddita
399 2929 488 2992 ratio
517 2948 588 2991 non
610 2927 727 3004 fuerit,
758 2929 857 2992 iuxta
885 2929 1128 3005 inventarium,
1159 2930 1251 3011 quod
1278 2933 1361 2992 tem-

239 3035 321 3101 pore
345 3020 486 3100 accepte
508 3016 668 3080 tuitionis
692 3020 744 3081 est
767 3017 935 3093 factum0,
967 3018 1038 3082 sive
1068 3019 1160 3101 quod
1184 3017 1362 3083 evidenter

240 3108 325 3189 aput
346 3107 499 3170 tutorem
520 3105 629 3169 fuisse
652 3106 807 3170 extiterit
822 3105 1056 3183 manifestum,
1082 3107 1141 3189 qui
1163 3126 1216 3170 res
1234 3105 1361 3169 tutoris

240 3193 439 3272 habuerint,
486 3193 628 3278 pupillis
670 3194 911 3259 indubitanter
953 3195 1069 3259 omnia
1110 3194 1360 3258 reformabunt.

240 3280 355 3346 Huius
378 3302 459 3347 sane
483 3283 569 3365 legis
591 3282 781 3348 remedium
798 3284 932 3347 cunctis
948 3283 1090 3367 pupillis
1106 3282 1205 3347 dabit
1227 3282 1361 3346 indubi-

239 3374 357 3434 tanter
389 3371 599 3449 consultum,
641 3375 782 3456 excepto
818 3371 847 3435 si
881 3371 963 3434 illut
998 3376 1135 3456 tempus
1172 3371 1359 3447 advenerit,

240 3460 377 3611 quandp
402 3480 522 3584 eorum
544 3478 663 3524 vocem
686 3460 974 3542 quinquaginerio
1002 3480 1145 3524 numero
1174 3458 1229 3524 lex
1256 3459 1361 3542 sopiri

264 3566 340 3612 ecre
364 3547 394 3610 it
420 3549 458 3610 ·².

284 3792 375 3856 1111.
391 3792 605 3857 TITULUS:
642 3792 705 3857 DE
736 3792 980 3859 EXPOSI'PIS
1011 3794 1310 3859 INFANTIBUS.

334 3917 363 3980 I.
400 3917 448 3981 Ut
464 3937 544 4071 'prz
569 3919 723 4003 exposito
753 3917 930 3983 infantulo
962 3919 1114 4001 ingenuo
1145 3919 1271 3983 serviat
1301 3918 1361 4000 qui

398 4027 553 4090 pro1ec1.

345 4175 368 4226 d)
383 4179 512 4219 censlonem
526 4180 573 4222 Rl.
627 4182 649 4228 e)
662 4184 737 4219 actum
752 4179 798 4221 121.
852 4177 986 4227 Odecrevlt
1000 4179 1049 4221 1³2.

241 4322 266 4385 l)
283 4320 441 4372 nonianur
457 4321 494 4373 ad
512 4320 552 4386 II,
572 4321 598 4385 5,
618 4321 643 4375 9.
716 4321 745 4386 2)
761 4320 853 4388 Supra
871 4336 892 4374 9.
911 4323 936 4376 2.
955 4320 982 4376 1.
1001 4327 1020 4375 t.
