3000 4934
183 358 237 411 364
403 354 457 408 ΙΠ.
494 354 616 409 INDEX
634 354 772 409 RERUM
791 354 840 407 ET
859 353 1083 409 VERBORUM.

219 533 520 599 111111111111238.
539 535 608 599 239;
634 549 662 585 se
690 532 725 584 ad
799 532 833 585 ab
843 531 966 585 hostibus
977 531 1090 585 vendita
1103 535 1168 600 158;
1183 564 1217 571 —
1231 551 1311 586 man-

219 603 351 655 maiorem
370 620 513 670 personam
533 603 658 657 conferre
677 607 745 670 643,
798 603 900 670 cipium
920 604 1060 656 absolvere
1081 607 1147 671 1693
1170 604 1312 672 mancipia

798 691 848 742 per
876 674 1099 728 constitutionem
1126 675 1233 743 regiam
1261 676 1311 728 ab·

799 746 888 797 soluta
900 749 966 813 3063
980 745 1148 813 mancipium
1160 762 1211 813 per
1224 747 1311 814 scrip-

799 820 889 868 turam
907 815 1025 868 liberum
1039 815 1129 869 facere
1143 820 1211 884 1723
1231 835 1311 870 man-

219 675 330 727 maioris
358 675 411 727 loci
439 691 556 742 persona
583 691 606 728 c.
634 672 745 741 locus3!

220 745 337 798 maiores
355 745 449 812 palatii
470 749 528 801 180.

184 815 347 869 maledicere
364 816 482 884 principi
501 820 543 870 43.

183 887 359 940 maledictum
386 887 415 938 in
442 887 594 954 principem
624 880 745 941 inferrel
799 887 870 954 cipia
888 886 1009 939 libertati
1026 887 1127 939 tradita
1151 887 1186 940 ad
1205 888 1311 940 civium

219 961 262 1012 43.
743 944 745 1013 i
798 956 987 1010 Romanorum
1006 958 1148 1026 privilegia
1163 963 1311 1011 transeun-

184 1027 361 1081 maleficium:
382 1031 441 1083 178.
463 1031 522 1083 179.
543 1027 725 1095 1811111-
798 1033 839 1081 tes
866 1032 934 1095 3063
962 1029 1131 1097 mancipium
1158 1030 1311 1082 manumit-

219 1097 724 1165 111111.1111111111111111111111.
798 1104 856 1152 tere
890 1102 948 1155 106.
983 1103 1047 1168 1683
1083 1101 1222 1168 mancipia
1258 1118 1312 1168 per

219 1174 280 1225 205.
798 1170 961 1238 scripturam
980 1174 1028 1222 111
1043 1171 1215 1238 presentibus
1232 1172 1312 1224 testi·

183 1240 331 1308 maleficus,
359 1239 475 1293 malefici
503 1244 546 1296 72.
576 1243 634 1295 181.
665 1242 724 1295 182.
797 1242 848 1293 bus
867 1241 1061 1295 manumittere
1080 1245 1146 1309 1683
1168 1243 1312 1310 mancipia

218 1316 279 1367 200.
298 1315 360 1367 274.
798 1329 826 1365 se
857 1312 885 1364 in
915 1313 1071 1365 libertatem
1105 1313 1312 1380 proclamantes

183 1382 301 1434 malitia:
330 1383 491 1451 dispositum
516 1382 637 1435 malitiae
665 1385 724 1438 194.
799 1386 863 1450 1693
891 1401 914 1437 o.
943 1384 1053 1451 ancilla,
1082 1383 1223 1452 dominus,
1253 1402 1311 1438 ser-

221 1456 287 1520 196;
313 1454 417 1506 malitia
442 1454 538 1506 iudicis
562 1457 625 1522 177;
652 1452 724 1520 dolo,
797 1470 855 1508 vus.

219 1523 324 1599 fraude,
346 1525 528 1580 1111111179.
762 1524 892 1578 mandare
923 1527 966 1580 68.
998 1528 1065 1593 1803
1101 1542 1152 1593 per
1186 1526 1312 1593 aliquem

183 1595 287 1647 malus:
315 1612 411 1648 causae
438 1596 526 1649 malae
553 1600 577 1649 3.
606 1599 630 1650 4.
657 1599 724 1663 284;
797 1595 913 1663 principi
933 1595 1064 1648 mandare
1084 1599 1143 1652 180.

220 1666 290 1717 mala
320 1666 417 1733 petitio
450 1670 514 1732 177;
546 1684 592 1731 en,
623 1668 724 1732 absque
762 1667 926 1719 mandatarii
944 1670 986 1722 61.

219 1737 292 1788 mala
303 1737 454 1789 volumtate
469 1740 528 1791 193.
541 1741 608 1805 2003
622 1737 725 1788 malum
761 1738 907 1790 mandator
934 1741 1048 1793 67—70.
1077 1741 1126 1806 753
1153 1737 1312 1805 (mandata-

220 1806 309 1861 facere
334 1811 395 1863 210.
422 1811 489 1874 229;
515 1807 586 1860 male
605 1807 744 1879 iudicare,
798 1809 864 1875 rius)
878 1825 940 1861 cum
954 1808 1115 1861 mandatore
1128 1807 1245 1861 definiat
1256 1827 1311 1877 pro

220 1882 262 1934 51.
287 1881 337 1946 583
362 1879 434 1931 male
459 1883 553 1946 petere
581 1883 646 1947 177;
673 1886 745 1953 resp
798 1878 944 1932 comodum
961 1879 1003 1931 sui
1014 1879 1115 1932 laboris
1128 1882 1177 1947 69;
1196 1880 1312 1933 lucrum

219 1951 383 2002 vestimenta
408 1949 496 2003 aliena
517 1950 589 2003 male
608 1952 725 2002 tractare
798 1953 827 2003 et
845 1950 975 2002 damnum
999 1949 1033 2003 ad
1052 1950 1245 2004 mandatorem
1263 1969 1311 2004 re·

218 2024 279 2076 211.
797 2025 940 2074 vertantur
958 2025 1000 2077 69.

183 2108 359 2216 militib
377 2110 434 2216 tl
444 2095 726 2230 1111011111
762 2091 1311 2217 1111111111111

220 2237 284 2303 187;
300 2235 380 2287 exilio
393 2235 543 2301 mancipari
555 2237 621 2302 201;
640 2234 725 2287 ardue
797 2238 903 2286 matum
931 2237 980 2294 683
1011 2233 1133 2286 mandati
1164 2236 1311 2302 exemplar

219 2305 369 2373 mancipari
396 2309 462 2373 1153
491 2305 620 2358 ecclesiae
648 2307 724 2358 obse·
798 2305 944 2357 adsertoris
957 2309 1004 2368 673
1022 2308 1102 2357 tenor
1115 2304 1241 2358 mandati
1257 2307 1309 2374 ib.;

219 2377 289 2441 quiis
299 2376 447 2443 mancipati
457 2379 521 2442 1443
532 2377 579 2443 qui
587 2376 724 2444 regalibus
798 2376 921 2429 condicio
939 2388 976 2430 m.
996 2380 1046 2442 69;
1064 2375 1225 2428 mandatum
1240 2376 1309 2430 dare

220 2446 336 2498 servitiis
357 2446 549 2513 mancipantur
568 2449 609 2501 74.
797 2451 866 2514 2303
895 2465 931 2501 m.
959 2447 1063 2499 editum
1088 2450 1137 2514 75;
1165 2447 1308 2501 inmutare

184 2516 360 2583 mancipium,
378 2516 515 2584 mancipia
533 2519 723 2572 77.153.173.
757 2528 761 2536 ·
796 2535 834 2572 m.
853 2521 902 2585 683
929 2535 965 2572 m.
987 2521 1112 2586 repetere
1131 2521 1180 2585 693
1207 2536 1245 2573 m.
1264 2519 1308 2570 in-

220 2590 285 2654 3073
323 2586 457 2653 eiusdem,
495 2587 598 2654 equalis
634 2587 725 2639 meriti
796 2589 917 2641 validum
936 2592 985 2656 753
1007 2588 1054 2655 qui
1071 2606 1122 2657 per
1139 2605 1175 2643 m.
1195 2593 1308 2642 secutus

220 2658 386 2725 mancipium
400 2661 460 2713 214.
473 2662 539 2726 263;
557 2659 724 2726 mancipium
797 2663 846 2727 est,
866 2660 912 2727 qui
924 2677 960 2714 m.
973 2659 1047 2722 fecit,
1066 2659 1113 2727 qui
1131 2676 1167 2711 m.
1185 2661 1308 2728 suscepit

220 2730 363 2782 meliorare
378 2732 442 2797 1593
461 2729 596 2797 mancipia
614 2730 642 2782 in
659 2729 724 2782 alias
798 2734 847 2796 703
866 2748 916 2798 per
927 2730 1050 2783 mandati
1062 2731 1226 2798 scripturam
1243 2748 1307 2799 per·

219 2800 724 2941 adlttlttlffnilp.⁸⁹63?

717 2911 723 2939 1

218 2943 354 3011 mancipia
393 2943 539 2996 christiana
574 2943 724 2996 Iudeorum

220 3019 385 3083 305-307;
405 3032 441 3069 m.
461 3032 495 3068 ex
514 3014 724 3067 christianorum

220 3089 247 3139 et
283 3085 458 3139 Hebreorum
499 3085 621 3138 conubiis
660 3089 725 3137 nata

219 3161 280 3212 308.
299 3189 333 3194 —
353 3157 552 3224 mancipiorum
566 3156 724 3226 agnationes

219 3227 380 3281 dividendae
393 3231 459 3296 281;
471 3227 639 3295 mancipium
652 3244 724 3279 com-

218 3316 301 3351 mune
321 3302 381 3354 168.
402 3302 468 3367 1693
493 3298 636 3366 mancipiis
661 3315 723 3351 con-

219 3370 308 3422 silium
338 3375 460 3439 prestare
490 3374 558 3437 272;
589 3369 724 3437 mancipia

218 3441 247 3492 in
277 3442 451 3494 contentione
480 3442 570 3509 posita
599 3445 624 3496 3.
656 3443 723 3508 284;

219 3512 354 3579 mancipia
379 3512 481 3565 donare
508 3516 567 3567 141.
591 3515 659 3579 319;
686 3529 723 3564 m.

219 3581 253 3634 de
265 3582 397 3651 hostibus,
411 3584 446 3637 ab
457 3583 574 3635 inimicis
587 3586 723 3649 excutere,

220 3657 271 3709 158
285 3672 322 3721 sq.
351 3659 418 3722 272;
446 3655 583 3722 mancipia
610 3653 724 3722 fugitiva

218 3727 279 3779 264.
303 3728 371 3792 284;
399 3727 434 3789 cf.
461 3730 528 3793 2633
556 3725 722 3792 mancipium

218 3795 305 3847 latens
335 3799 404 3862 2623
434 3795 630 3862 patrocinium,
662 3812 724 3862 pre·

219 3868 289 3917 stare
320 3865 455 3932 mancipio
486 3870 554 3932 2723
586 3866 724 3932 peculium

797 2819 891 2853 sonam
904 2802 1013 2871 eligere,
1026 2802 1073 2868 qui
1085 2801 1242 2854 adversario
1255 2819 1307 2855 suo

796 2872 885 2925 iudice
903 2876 1031 2941 presente
1048 2872 1215 2940 respondeat
1235 2877 1306 2941 2303

797 2944 933 2996 actionem
958 2960 1008 3011 per
1030 2943 1191 2995 mandatum
1215 2943 1307 2996 iniun-

796 3031 862 3082 gere
884 3013 1102 3082 prosequendam
1122 3018 1169 3082 71;
1193 3030 1306 3067 causam

797 3102 831 3137 ex
844 3086 974 3138 mandato
984 3085 1120 3153 suscipere
1130 3088 1178 3153 683
1193 3102 1307 3138 causam

797 3173 831 3208 ex
867 3173 903 3210 m.
941 3156 1032 3209 dicere
1063 3160 1112 3224 69;
1149 3156 1306 3209 criminales

797 3243 891 3280 causas
921 3244 972 3295 per
997 3226 1159 3280 mandatum
1187 3227 1305 3280 conmit-

796 3303 855 3350 tere
867 3301 914 3365 683
934 3298 1104 3365 questionem
1123 3314 1173 3366 per
1190 3315 1227 3350 m.
1247 3299 1306 3368 agi-

796 3373 855 3421 tare
881 3373 927 3437 67;
956 3369 1090 3437 questioni
1115 3385 1165 3437 per
1189 3386 1227 3421 m.
1255 3369 1304 3421 ali·

796 3457 878 3508 quem
905 3439 1022 3493 subdere
1049 3443 1092 3495 67.
1121 3442 1171 3507 683
1201 3440 1306 3493 femina

796 3527 906 3564 causam
923 3527 974 3579 per
991 3529 1028 3565 m.
1045 3527 1101 3563 non
1113 3510 1244 3578 suscipiat
1255 3514 1305 3578 683

796 3581 910 3634 maritus
935 3599 990 3634 non
1016 3581 1073 3634 sine
1091 3580 1222 3634 mandato
1241 3597 1305 3634 cau-

796 3670 853 3705 sam
867 3652 941 3705 dieat
958 3652 1051 3704 uxoris
1064 3655 1111 3719 693
1131 3652 1165 3705 de
1177 3653 1306 3720 turpibus

797 3727 825 3776 11
851 3723 954 3776 illicitis
984 3723 1065 3776 rebus
1092 3723 1201 3774 nullum
1229 3767 1236 3778 .
1263 3763 1270 3776 .
1298 3767 1303 3778 .

796 3793 956 3846 mandatum
983 3836 988 3848 .
1016 3836 1022 3849 .
1050 3837 1056 3848 .
1082 3793 1174 3846 valeat
1197 3797 1241 3850 80.
1271 3824 1303 3832 -

797 3865 928 3918 scelerum
949 3864 1079 3918 mandata
1097 3862 1205 3917 deferre
1225 3868 1286 3921 101.

218 3935 359 4003 mancipiis
385 3934 505 3987 dandum
531 3939 598 4004 3083
629 3935 723 4003 pigne·
760 3953 871 3989 manere
891 3939 950 3992 198.

217 4024 278 4060 rare
293 4007 460 4075 mancipium
474 4010 541 4074 3193
560 4006 724 4074 plagiatores
760 4006 933 4060 manifestus:
947 4005 1124 4059 manifestum
1138 4005 1306 4060 adulterium

217 4079 416 4148 mancipiorum
429 4081 496 4147 214;
509 4077 677 4145 mancipium
690 4077 724 4130 ab

217 4151 333 4205 inimicis
356 4150 502 4203 sollicitare
528 4153 596 4218 272;
621 4149 723 4201 manci-

217 4223 292 4290 pium
330 4223 450 4276 alienum
486 4237 618 4289 usurpare
654 4223 723 4288 214;

216 4295 353 4363 mancipia
365 4293 484 4348 vendere
504 4297 569 4361 1523
588 4291 724 4359 mancipia

798 4080 865 4144 1083
905 4077 1044 4130 manifesti
1080 4077 1198 4130 convicti
1236 4081 1305 4146 1393

796 4147 940 4200 manifesta
949 4147 1135 4201 fornicationis
1145 4151 1305 4217 causa1183

796 4218 941 4272 manifesta
954 4219 1055 4272 iudicia
1066 4221 1125 4274 111.
1135 4221 1202 4287 2033
1215 4220 1306 4272 mani·

796 4289 866 4343 festa
896 4290 1042 4343 necessitas
1073 4293 1123 4356 58;
1158 4289 1306 4344 manifesta
