3000 4934
228 373 279 426 188
446 368 524 422 LEX
542 368 657 426 VISIG.
678 365 947 426 REOOESSVIND.
984 368 1035 437 vl,
1054 372 1079 437 4,
1099 372 1124 424 3.

228 552 367 616 domino
391 552 517 616 solidos
540 562 576 618 X.
617 552 654 616 Si
676 572 756 616 vero
779 553 951 627 idoneum,
977 563 998 617 0
1022 552 1161 635 flagella
1184 552 1353 635 suscipiat

228 644 264 705 et
292 661 395 725 supra
423 641 552 704 dietam
582 661 750 704 summam
780 641 968 705 solidorum
997 640 1144 704 exolvat.
1192 639 1293 718 Quod
1321 641 1353 704 si

228 729 384 812 qualibet
407 730 557 814 corporis
585 733 683 813 parte
711 749 847 794 servum
873 729 1087 794 truncaverit
1109 729 1165 793 vel
1187 732 1353 793 truncare

228 819 367 882 iusserit
394 817 554 895 alienum,
586 828 630 883 00
652 817 868 901 flagellorum
896 819 1048 883 hictibus
1075 818 1285 893 verberetur,
1314 821 1353 881 et

229 906 336 970 alium
359 906 512 970 eiusdem
535 906 715 970 facultatis
739 911 774 971 et
797 907 937 972 meritiUl
965 927 1100 970 servum
1128 927 1208 971 cum
1230 907 1353 970 eodem

228 995 366 1079 proprio
395 994 533 1057 domino
560 995 703 1059 reddere
730 995 957 1079 conpellatur.
1005 994 1104 1074 Quod
1129 995 1157 1058 si
1181 996 1223 1060 de
1247 1015 1354 1079 supra

227 1084 355 1147 taxatis
391 1081 552 1167 capitulis
587 1084 826 1166 quodcumque
866 1084 1012 1149 libertus
1050 1084 1202 1167 ingenuo
1235 1085 1353 1148 facere

228 1172 462 1255 presumserit,
495 1193 556 1255 pro
584 1191 634 1247 eo,
666 1172 758 1254 quod
786 1172 943 1254 equalem
971 1175 1103 1237 statum
1132 1193 1203 1236 non
1233 1173 1351 1249 habet,

229 1264 264 1324 et
287 1261 380 1344 quod
402 1261 525 1325 fecerit
549 1261 708 1325 similiter
734 1261 771 1322 in
800 1281 835 1324 se
864 1261 998 1326 factum
1019 1261 1171 1345 'recipiat
1199 1264 1234 1324 et
1258 1271 1279 1325 0
1302 1261 1354 1322 in-

229 1369 330 1434 super
364 1349 580 1433 flagellorum
614 1350 729 1413 hictus
764 1352 924 1414 extensus
955 1349 1113 1434 accipiat.
1168 1349 1205 1414 Si
1234 1369 1353 1413 servus
1402 1406 1408 1419 .

230 1458 363 1502 servum
379 1439 488 1503 inscio
505 1439 643 1503 domino
660 1438 839 1503 decalvare
855 1439 925 1503 sive
940 1442 1102 1503 truncare
1119 1438 1351 1522 presumserit,

231 1530 267 1592 et
289 1527 382 1609 quod
404 1527 527 1592 feeerit
548 1527 711 1612 patiatur,
737 1531 772 1591 et
788 1539 809 1593 0
824 1527 971 1610 flagellis
987 1526 1125 1612 publice
1140 1527 1353 1591 verberetur.

232 1615 269 1679 Si
306 1635 422 1679 servus
460 1616 598 1679 domino
634 1616 810 1680 nesciente
847 1617 1037 1699 ingenuum
1074 1616 1354 1699 conprehendere

229 1703 286 1768 vel
316 1703 424 1787 ligare
454 1705 689 1787 presumserit,
723 1714 767 1769 00
797 1704 935 1789 publice
964 1705 1165 1770 verberetur
1194 1703 1353 1786 flagellis.

231 1791 332 1871 Quod
355 1792 384 1856 si
407 1812 486 1855 cum
509 1793 640 1856 domini
661 1793 853 1858 volumtate
882 1813 998 1857 servus
1025 1795 1091 1857 hoc
1118 1793 1249 1870 fecerit,
1278 1793 1354 1876 ipse

230 1881 389 1946 dominus
408 1882 617 1946 tantundem
641 1885 676 1946 et
699 1902 824 1965 penam
840 1885 875 1946 et
891 1882 1027 1960 damna,
1052 1901 1118 1964 que
1135 1882 1176 1946 de
1192 1881 1355 1964 ingenuis

230 1971 268 2033 in
290 1971 355 2034 hac
378 1972 519 2035 tenetur
542 1970 627 2053 lege,
653 1971 827 2055 suscipiat.
874 1971 1053 2054 Ingenuus
1077 1974 1203 2048 autem,
1235 1970 1264 2033 si
1288 1989 1354 2034 ser-

229 2081 312 2123 vum
346 2059 498 2123 alienum
531 2058 692 2142 ligaverit
725 2060 959 2137 innocentem,
996 2061 1056 2124 det
1090 2059 1229 2123 domino
1264 2059 1355 2122 servi

231 2148 358 2212 solidos
391 2151 472 2212 tres.
529 2147 620 2212 Nam
650 2150 679 2212 si
709 2169 825 2213 servus
861 2168 995 2213 servum
1029 2148 1189 2232 ligaverit
1224 2148 1354 2231 absque

229 2237 422 2301 volumtate
453 2237 584 2301 domini
612 2239 679 2313 sui,
710 2248 731 2302 0
760 2237 906 2322 flagellis
936 2236 1073 2321 publice
1103 2236 1354 2302 verberabitur.

231 2324 269 2388 Si
303 2329 396 2389 certe
432 2325 567 2389 conscio
603 2327 742 2390 domino
772 2326 809 2389 id
840 2346 956 2390 servus
991 2326 1181 2403 admiserit,
1217 2325 1355 2389 hisdem

231 2414 319 2477 servi
343 2413 502 2476 dominus
524 2416 595 2478 tres
618 2415 777 2497 idemque
801 2415 931 2478 solidus
945 2415 1089 2478 reddere
1105 2414 1354 2498 conpellendus

231 2505 292 2566 est.
328 2501 458 2566 Tamen
481 2502 510 2565 si
532 2502 704 2585 ingenuus
727 2522 862 2567 servum
878 2503 1030 2568 alienum
1053 2504 1273 2568 innocentem
1297 2503 1354 2567 die

231 2594 317 2653 autr
348 2593 451 2655 nocte
480 2591 517 2653 in
546 2592 703 2655 custodia
733 2592 944 2656 detinuerit⁸
973 2592 1028 2656 vel
1059 2593 1101 2656 ab
1134 2592 1203 2656 alio
1229 2591 1354 2656 fecerit

231 2679 388 2756 detineri,
418 2701 479 2763 pro
502 2701 573 2743 una
596 2680 651 2744 die
674 2683 745 2744 tres
768 2680 898 2744 solidus
922 2685 957 2745 et
980 2702 1041 2764 pro
1064 2685 1166 2745 nocte
1194 2680 1355 2744 similiter

230 2770 301 2832 tres
331 2768 458 2832 solidos
489 2769 627 2833 domino
659 2769 747 2834 servi
778 2773 966 2854 conponat;
1003 2773 1039 2834 et
1069 2766 1116 2833 sit
1146 2789 1206 2853 per
1235 2769 1354 2853 plures

232 2857 304 2921 dies
327 2857 364 2920 id
388 2877 503 2922 servus
518 2858 684 2922 innocens
700 2858 743 2922 ab
760 2858 911 2941 ingenuo
927 2859 1110 2942 pertulisse
1127 2857 1352 2932 convincitur,

230 2947 397 3010 eandemll
415 2946 523 3010 trium
546 2947 734 3011 solidorum
750 2968 919 3011 summam
941 2967 1003 3031 per
1018 2948 1172 3032 singulos
1196 2947 1268 3011 dies
1287 2947 1354 3011 hac

230 3038 349 3100 noctes
381 3036 515 3100 hisdem
544 3037 716 3120 ingenuus
747 3037 836 3101 servi
865 3037 1004 3100 domino
1036 3039 1175 3100 coactus
1205 3035 1353 3100 exolvat.

230 3123 409 3208 Ingenuus
433 3145 524 3203 sane,
549 3125 578 3188 si
601 3146 737 3191 servum
760 3125 912 3189 alienum
934 3125 1028 3190 fuste
1053 3128 1114 3188 aut
1137 3124 1275 3208 flagello
1298 3125 1354 3188 vel

229 3213 385 3296 quolibet
409 3214 507 3278 hictu
522 3215 708 3298 indignans
724 3214 938 3298 percusserit,
964 3217 1000 3278 et
1024 3215 1164 3298 sanguis
1186 3213 1241 3277 vel
1264 3213 1355 3277 libor

230 3307 404 3388 appareat,
434 3324 495 3388 per
523 3304 677 3387 singulas
705 3303 941 3387 percussiones
969 3303 1123 3387 singulos
1147 3302 1274 3367 solidos
1298 3303 1355 3366 do·

230 3392 323 3456 mino
359 3393 446 3457 servi
481 3393 670 3477 persolvat,
707 3395 768 3456 aut
799 3393 828 3456 si
858 3394 971 3476 gravis
1004 3392 1176 3476 percussio
1206 3391 1354 3456 fortasse

230 3482 392 3564 patuerit,
417 3501 602 3564 perquam
625 3484 686 3545 aut
709 3486 856 3546 mortem
877 3484 938 3544 aut
960 3481 1179 3546 debilitatem
1201 3481 1261 3563 qui
1284 3498 1355 3562 per-

231 3589 349 3632 cussus
372 3573 425 3634 est
448 3570 607 3634 videatur
630 3571 813 3646 incurrere,
842 3574 1012 3653 quantum
1041 3591 1102 3653 pro
1130 3570 1195 3632 tali
1217 3589 1255 3633 re
1279 3588 1356 3631 eon-

230 3677 357 3743 ponere
388 3659 527 3735 debeat,
563 3659 687 3722 iudicis
722 3658 895 3723 estimatio
927 3662 1151 3742 conpetenter
1180 3657 1354 3742 inspiciat.

231 3747 268 3809 Si
282 3766 363 3810 vero
379 3766 496 3810 servus
511 3748 549 3810 in
565 3767 701 3811 servum
716 3746 803 3809 talia
818 3747 950 3824 fecerit,
975 3748 1135 3829 idemque
1158 3747 1262 3811 iudex
1279 3765 1356 3809 eon-

230 3834 364 3912 stituat,
394 3838 563 3917 quantum
586 3835 641 3899 vel
667 3830 705 3918 [a]
731 3855 827 3899 servo
850 3836 906 3900 vel
930 3836 973 3901 ab
997 3836 1071 3899 eius
1095 3836 1234 3899 domino
1258 3835 1357 3898 iuxta

230 3922 350 3987 liboris
373 3923 428 3987 vel
452 3923 634 4007 plagarum
657 3924 862 4008 qualitatem
886 3926 1000 3989 media
1022 3945 1101 4008 pars
1130 3925 1172 3989 de
1195 3924 1357 4008 ingenuis

231 4013 379 4095 conponi
414 4013 550 4076 debeat.
609 4013 733 4078 Servus
771 4017 890 4077 tamen
926 4034 987 4098 pro
1025 4014 1259 4097 presumtione
1295 4033 1357 4075 sua

230 4113 254 4166 L
278 4101 417 4185 flagella
445 4102 636 4185 suscipiatv
664 4104 835 4166 extensus.
885 4101 1011 4167 Omnes
1040 4105 1157 4166 autem
1184 4102 1356 4166 sententie

373 4310 460 4350 meritis
475 4311 522 4352 121.
577 4312 596 4357 r)
610 4311 653 4349 hec
668 4311 714 4353 ΕΙ.
768 4313 788 4358 s)
802 4312 902 4351 tenuerit
916 4313 961 4353 Rl.
1017 4315 1034 4359 t)
1049 4311 1143 4360 insuper
1157 4311 1204 4353 cad.
1218 4321 1247 4353 m.
1261 4319 1317 4351 corr.
1332 4309 1357 4347 ln

420 4363 443 4416 u)
458 4360 537 4404 eedem
552 4363 572 4402 R
581 4365 599 4406 1.
653 4367 677 4414 v)
692 4368 798 4404 extensus
813 4364 973 4414 accipienti.
