3000 4934
185 375 238 428 308
398 370 476 424 LEX
494 369 610 427 VISIG.
629 368 898 426 REGCESSVIND.
935 369 1002 439 ΧΠ,
1021 372 1104 438 214.

186 558 222 619 et
245 556 387 619 mansio.
424 553 524 632 Quod
547 553 576 617 si
599 554 650 616 ita
666 553 854 636 proveniat,
879 555 920 615 ut
942 553 1031 629 hiin,
1056 553 1116 635 qui
1137 555 1314 617 transacti

186 644 326 719 fuerint,
358 642 447 705 nihil
475 643 511 704 in
540 662 601 705 suo
630 644 815 704 cernantur
843 641 970 705 habere
993 641 1138 725 peculio,
1167 646 1313 705 tantum

186 733 273 795 hiis⁰
293 731 473 814 mancipiis
496 730 767 793 avenditoribus
791 731 873 793 dare
896 731 1112 813 precipimus,
1137 733 1314 812 quantum

186 820 256 883 illis
287 820 445 882 sufficere
480 819 525 882 ad
555 817 779 882 excolendum
808 818 865 881 vel
894 819 1158 900 gubernandum
1193 839 1229 882 se
1262 820 1314 881 in·

185 909 319 972 venerit
354 908 583 990 comparantis
618 905 756 982 electio,
796 926 840 970 ne
875 907 937 970 sub
973 909 1111 970 nomine
1147 908 1315 970 emtionis

185 1002 280 1058 non1³
314 999 412 1058 tarnp
445 995 644 1068 transactio,
681 1015 783 1076 quam
813 995 993 1057 videaturq
1027 1015 1099 1059 esse
1129 996 1313 1058 exiliumr.

186 1085 383 1148 Libertare⁸
404 1103 484 1147 vero
505 1104 640 1146 servum
656 1083 883 1146 christianum
900 1082 1058 1147 Hebreus
1082 1084 1111 1146 si
1133 1084 1313 1159 maluerit,

187 1175 231 1236 ad
255 1173 380 1235 civium
400 1172 633 1235 Romanorum
658 1171 864 1253 dignitatem
889 1173 1037 1235 eundem
1059 1173 1314 1237 manumittere

187 1260 342 1336 debebit;
374 1259 463 1322 nulli
494 1259 626 1323 scilicet
649 1258 788 1323 Hebreo
816 1279 880 1323 nec
905 1260 1049 1324 cuilibet
1072 1260 1237 1342 obsequio
1262 1281 1314 1324 re

186 1345 355 1424 servato‘,
380 1349 440 1411 sed
455 1348 564 1410 vitam
581 1367 677 1410 suam
693 1348 754 1410 ubi
769 1346 919 1411 voluerit
942 1349 1169 1412 manumissus
1186 1351 1314 1432 procul

186 1439 255 1500 al)u
282 1437 525 1500 Hebreorumu
553 1436 725 1498 consortio
755 1437 972 1518 transigendi
1002 1437 1129 1500 habeat
1159 1440 1314 1520 potcsta-

185 1530 267 1589 tem.
304 1524 404 1603 Quod
428 1525 456 1587 si
480 1523 708 1587 calliditatisv
726 1523 966 1587 fraudulentia
980 1525 1139 1589 Hebreus
1157 1526 1314 1590 infestus

185 1613 419 1676 venditionem
450 1614 561 1694 adque
591 1612 789 1676 libertatem
818 1612 884 1675 tali
910 1614 973 1676 sub
1003 1613 1082 1676 dolo
1107 1614 1311 1690 confecerit,

186 1706 226 1764 ut
250 1702 396 1783 quedam
421 1701 632 1784 deceptionis
654 1702 908 1783 argumentatio
924 1701 979 1765 vel
994 1702 1205 1765 venundatio
1221 1704 1313 1766 velW

186 1789 407 1853 manumissio
441 1789 569 1851 futuris
603 1789 816 1871 temporibus
851 1790 967 1852 invido
1003 1790 1082 1853 dolo
1117 1792 1311 1873 preveniat,

186 1880 355 1960 quatenus
380 1878 472 1941 hunc
497 1878 694 1960 captiositas
718 1877 871 1943 ementis,
887 1879 998 1960 adque
1021 1880 1202 1942 vendentis
1228 1881 1313 1943 dolo

187 1966 277 2029 rnalo
309 1966 475 2048 decipiat:
508 1966 610 2028 huius
641 1965 785 2029 nefandi
814 1966 965 2029 isceleris
993 1971 1237 2048 argumentum
1260 1969 1313 2030 in-

186 2075 318 2137 genuus
334 2055 371 2145 ⁴si
395 2055 594 2137 prodiderit,
621 2052 826 2117 facultatem
850 2055 916 2117 sibi
938 2055 1156 2138 profuturam
1180 2057 1217 2118 in
1242 2078 1312 2119 om·

185 2143 287 2205 nibus
304 2142 406 2206 Iudei
429 2143 606 2226 percipiat.
644 2141 861 2205 Christianus
884 2164 920 2206 re
944 2164 1033 2218 vera,
1058 2164 1161 2226 quem
1185 2145 1312 2208 similis

186 2232 373 2314 presumtio
407 2253 504 2294 reum
538 2230 700 2307 fecerim,
736 2230 842 2294 nullis
877 2233 906 2294 si
940 2231 1048 2295 fuerit
1077 2232 1310 2297 facultatibus

185 2319 292 2394 latus,
328 2321 364 2381 in
395 2319 534 2382 servitio
570 2319 626 2382 cui
656 2320 814 2402 princeps
844 2319 993 2383 voluerit
1025 2321 1216 2404 redigatur.
1271 2322 1311 2384 Si

185 2428 299 2470 rerum
329 2411 422 2470 certe
450 2407 504 2469 illi
532 2407 868 2485 ambitio¹·1fuerit,
900 2409 1086 2471 medietate
1117 2410 1199 2472 fisco
1231 2430 1310 2472 con·

185 2495 314 2570 iuncta,
339 2498 507 2578 perpetua
529 2496 601 2577 ipse
617 2499 758 2559 notetur
773 2496 928 2560 infamia.
965 2496 1089 2560 Servus
1105 2518 1186 2561 vero
1203 2499 1310 2562 huius

187 2583 388 2646 calliditatis
419 2585 574 2647 detector
604 2583 752 2646 liberum
776 2604 811 2647 se
835 2586 986 2666 gandeat
1008 2585 1240 2669 profuturum,
1272 2591 1310 2651 et

185 2673 223 2734 in
246 2673 318 2735 eius
343 2672 509 2735 consistat
537 2673 700 2734 adsiduus
728 2674 929 2755 patrocinio,
961 2675 997 2736 in
1026 2675 1123 2736 cuius
1154 2676 1311 2738 cernitur

186 2764 328 2824 actenus
352 2761 459 2824 fuisse
482 2760 630 2824 servitio.
678 2761 727 2823 Ut
750 2765 866 2824 autem
890 2763 962 2825 eius
986 2763 1180 2825 firmissima
1207 2763 1310 2828 liber-

185 2851 238 2911 tas
272 2852 485 2932 permaneat,
516 2849 683 2912 vicarium
713 2869 734 2911 a
763 2849 845 2913 fisco
880 2871 1015 2914 servum
1050 2852 1209 2914 dominus
1244 2874 1309 2935 pro

186 2939 305 3001 eodem
330 2937 485 3021 accipiat,
511 2941 546 3002 et
569 2938 709 3021 insuper
732 2936 856 3000 libram
880 2939 955 3001 auri
978 2939 1022 3002 ab
1042 2940 1134 3022 ipsis,
1159 2960 1309 3020 quorum

184 3025 354 3089 revelabit
378 3026 515 3102 scelera,
539 3025 593 3088 illi
617 3029 738 3088 exacta
760 3026 927 3109 proficiat.
971 3026 1070 3105 Quod
1094 3028 1122 3090 si
1145 3027 1309 3092 Hebreus

186 3115 439 3178 circumciderit
482 3115 709 3177 christianum
758 3119 819 3177 aut
862 3115 1087 3178 christianam
1128 3115 1165 3178 in
1208 3137 1309 3180 suam

184 3205 314 3266 sectam
337 3203 485 3266 ritumve
501 3202 745 3278 transduxerit,
763 3223 841 3265 cnm
857 3207 1046 3267 aumentoy
1066 3206 1307 3269 denuntiantis

185 3290 327 3374 capitali
350 3291 526 3355 subiaceat
549 3291 728 3374 supplicio
754 3291 893 3373 eiusque
917 3292 990 3356 sine
1014 3293 1120 3355 dubio
1145 3292 1235 3356 bona
1259 3295 1307 3356 in·

185 3383 390 3442 cunctanter
418 3380 483 3442 sibi
510 3380 663 3442 vindicet
691 3380 802 3442 fiscus.
849 3380 1025 3463 Mancipia
1046 3401 1137 3456 vero,
1169 3401 1236 3462 que
1266 3402 1308 3445 ex

185 3469 452 3531 christianorum
482 3472 518 3530 et
547 3467 764 3532 Hebreorum
801 3468 956 3530 conubiis
987 3472 1072 3531 nata
1100 3469 1156 3532 vel
1187 3470 1309 3552 genita

185 3576 257 3620 esse
288 3559 488 3633 noscuntur,
524 3557 560 3619 id
595 3557 769 3619 observari
801 3556 1009 3632 censuimus,
1045 3560 1086 3620 ut
1116 3558 1308 3621 christiana

185 3645 392 3708 efficiantur.
440 3645 476 3707 Si
500 3647 592 3708 certe
616 3645 675 3721 hii,
701 3646 759 3726 qui
782 3645 820 3706 in
842 3645 914 3706 ritu
937 3645 1177 3708 Hebreorumz
1198 3649 1308 3710 trans-

185 3734 283 3796 ducti
312 3740 402 3808 sunt,
432 3734 469 3795 in
500 3754 541 3796 ea
570 3733 715 3815 perfidia
737 3733 867 3797 istarea
893 3733 1076 3809 voluerint,
1100 3738 1141 3796 ut
1164 3734 1307 3798 minime

185 3823 229 3883 ad
254 3824 408 3882 sanctam
432 3814 555 3883 iidemb
583 3822 795 3903 perveniant,
827 3823 863 3883 in
892 3825 1065 3886 conventu
1092 3823 1213 3906 populi
1235 3844 1307 3887 ver-

185 3909 323 3972 beribus
354 3909 422 3971 cesi
452 3909 563 3990 adque
592 3909 742 3992 turpiter
771 3909 943 3973 decalvati
974 3910 1171 3986 christiano,
1202 3912 1258 3974 cui
1286 3933 1307 3973 a

291 4047 315 4091 u)
330 4045 354 4083 hi
368 4045 416 4087 122.
497 4046 519 4090 o)
534 4045 568 4084 his
583 4046 631 4087 Re.
712 4048 736 4093 p)
755 4050 810 4084 nota
824 4046 874 4095 1313
897 4050 973 4084 uotam
986 4046 1035 4088 122.
1117 4048 1140 4094 q)
1154 4044 1306 4090 videturBL

185 4101 204 4147 r)
219 4100 286 4138 exilio
301 4099 347 4140 131.
429 4100 448 4144 s)
462 4099 570 4137 Liberare
584 4099 633 4141 122.
716 4101 733 4146 t)
747 4102 838 4137 servato
853 4102 877 4138 et
886 4111 930 4147 pro
945 4109 987 4140 res.
1001 4097 1042 4138 sed
1056 4100 1102 4141 Rl.
1184 4102 1208 4148 u)
1223 4101 1307 4139 habere

184 4164 248 4193 orum
269 4154 320 4200 1313
347 4151 375 4190 ab
397 4152 514 4190 ebreorum
535 4152 583 4192 ΒΞ.
660 4153 683 4199 v)
704 4149 838 4201 galliditatis
859 4153 906 4193 121.
987 4155 1017 4199 w)
1037 4153 1075 4192 vel
1095 4174 1121 4181 -
1141 4163 1205 4191 reum
1226 4153 1308 4192 fecerit

183 4209 267 4255 desunt,
285 4206 375 4243 Glincr's
392 4205 467 4243 vacuis
482 4205 562 4242 relictis
580 4205 628 4246 122.
709 4208 733 4252 x)
752 4206 784 4242 ita
802 4206 850 4245 122.
868 4205 921 4253 E1;
944 4204 1053 4244 hablnitio
1072 4207 1122 4256 Rl;
1145 4206 1241 4246 asiatio
1259 4207 1281 4244 Ε
1288 4208 1307 4247 2.

184 4263 207 4310 y)
222 4264 341 4307 augmento
355 4259 404 4299 Ra.
453 4258 473 4308 a)
488 4255 607 4297 Iudeorum
622 4258 671 4301 122.
718 4260 741 4304 a)
755 4264 815 4296 stare
829 4259 878 4299 122.
926 4258 949 4304 b)
963 4255 1208 4306 fidem-permanere
1223 4261 1307 4308 munt,

184 4315 195 4352 7
210 4313 273 4350 lineis
286 4313 360 4349 vacuis
374 4312 454 4350 relictis
467 4312 515 4352 122.

186 4419 212 4484 1)
231 4417 368 4467 ‘Ambitio'
381 4441 413 4459 =
427 4416 567 4484 splendcr⁴;
585 4417 619 4479 cf.
636 4418 662 4469 2.
676 4416 742 4471 Par.
757 4417 799 4480 16,
814 4417 863 4478 14‚·
883 4417 907 4470 1.
920 4416 1003 4472 Mace.
1022 4419 1047 4482 9,
1061 4419 1111 4479 37,·
1129 4418 1188 4473 Act.
1204 4419 1249 4485 25,
1263 4421 1307 4474 23.
