3000 4934
356 370 435 424 aar
453 369 569 425 visre.
588 369 857 427 ancenssvrnn.
894 371 962 438 ΧΠ,
981 376 1007 441 2,
1025 375 1104 428 c-s.
1238 377 1293 430 coc

270 549 323 605 VI.
353 547 522 602 FLAVIUS
541 546 756 601 GLORIOSUS
774 547 1084 603 REGGESSVINDUS
1102 549 1190 605 REX.

168 663 227 727 Ne
250 661 377 724 Iudei
401 679 514 723 more
539 681 608 722 suo
632 659 757 723 fedus
782 660 1024 743 conpulerit
1047 662 1290 745 nuptialer.
1370 702 1376 711 ·

275 768 387 831 Nemo
412 787 453 830 ex
477 765 594 829 Iudeis
618 759 901 849 propinquitateb
930 768 1106 849 sanguinis
1134 769 1187 830 sui
1215 789 1291 831 con-

168 859 283 940 iugio⁰
313 855 467 940 copulet,
499 854 671 917 adulterio
702 854 851 938 polluat,
882 850 1035 918 incestod
1064 856 1290 920 conmaculet.

168 945 297 1010 Nullus
327 964 435 1026 usque
466 945 510 1006 ad
540 947 675 1006 sextum
705 944 839 1025 generis
867 944 1014 1026 gradum
1042 945 1191 1007 coitum⁰
1220 966 1291 1028 per·

170 1056 288 1099 sonam
319 1052 571 1115 quamcumque
600 1032 790 1114 contingat.
841 1031 969 1094 Nullus
998 1031 1091 1096 festa
1120 1034 1292 1116 nuptialia

169 1123 280 1199 aliter,
312 1142 415 1205 quam
440 1121 705 1184 christianorum
729 1140 802 1182 mos
827 1120 942 1197 habet,
967 1120 1022 1184 vel
1046 1115 1210 1205 abpetatf
1236 1123 1291 1185 vel

168 1215 321 1295 usurpet.
380 1210 471 1273 Nam
511 1210 667 1272 detectus
708 1209 939 1272 damnationis
980 1210 1059 1273 date
1099 1210 1291 1274 ultionibus

170 1301 343 1384 punietur.

258 1470 325 1526 VII.
357 1468 526 1523 FLAVIUS
546 1466 759 1523 GLORIOSUS
778 1466 1087 1523 REOOESSVINDUS
1106 1469 1193 1525 REX.

168 1583 255 1647 Nel
294 1583 422 1646 Iudei
456 1581 610 1645 carnis
651 1581 823 1644 faciant
862 1581 1288 1647 circumcissiones⁸.

275 1688 404 1751 Nullus
421 1688 608 1751 Iudeorum
626 1687 935 1750 circumcissionem
952 1687 1152 1771 operabitur
1168 1689 1289 1752 carnia.

166 1777 296 1841 Nullus
327 1778 417 1840 hanc
448 1777 514 1839 sibi
542 1777 616 1840 fieri
644 1776 797 1860 patietur
824 1776 1004 1839 indemnis.
1052 1775 1085 1838 N
1086 1797 1132 1840 on
1162 1798 1288 1854 servus,

168 1888 239 1930 non
261 1866 432 1948 ingenuus
457 1869 518 1928 aut
541 1864 697 1939 libertus,
722 1863 837 1927 incola
855 1865 911 1927 vel
934 1868 1116 1928 extraneus
1138 1866 1291 1929 eiusdem

169 1956 374 2019 detestande
401 1946 588 2017 sectionisb
616 1953 840 2037 obprobrium
868 1973 1081 2035 quacumque
1112 1954 1290 2018 occasione

168 2048 231 2106 aut
254 2043 406 2127 perferet
430 2046 491 2105 aut
515 2041 618 2106 alteri
640 2043 768 2105 inferre
794 2044 979 2124 presumat.
1026 2041 1116 2104 Nam
1140 2043 1290 2124 quicum·

168 2152 235 2215 que
258 2133 394 2216 isponte
414 2130 501 2194 talia
516 2131 639 2194 fecisse
655 2129 710 2194 vel
727 2130 929 2193 sustinuisse
946 2129 1158 2213 probabitur,
1185 2131 1285 2195 date⁰

169 2221 255 2304 legis
278 2220 463 2284 severitate
486 2219 668 2304 plectetur.

243 2407 348 2464 vnis
378 2407 547 2463 FLAVIUS
566 2406 780 2461 GLORIOSUS
798 2405 1108 2462 REOOESSVINDUS
1126 2406 1214 2463 REX.

227 2521 288 2586 Ne
324 2520 452 2585 Iudei
491 2540 605 2584 more
645 2541 720 2583 suo
758 2513 1034 2584 diiudicentb
1070 2525 1230 2584 escasa.

277 2626 363 2691 (lum
405 2626 526 2690 beatus
565 2625 692 2689 Paulus
732 2626 935 2709 apostulusc
980 2627 1089 2690 dicat:
1135 2625 1291 2690 ‘Omnial

168 2718 299 2780 munda
326 2715 474 2791 mundis,
504 2715 735 2796 coinquinatis
764 2718 880 2778 autem
910 2718 946 2778 et
975 2714 1174 2779 infidelibus
1202 2715 1291 2778 nihil

170 2808 222 2870 est
249 2804 438 2880 mundum,
468 2804 591 2867 merito
616 2803 803 2866 Iudeorum
834 2803 1049 2866 detestabilis
1073 2804 1145 2866 vita
1168 2808 1204 2867 et
1228 2804 1291 2867 dis·

169 2894 332 2958 cretionis
356 2893 526 2957 horrende
550 2892 726 2955 mundicia
752 2892 846 2955 omni
870 2892 1022 2955 sordium
1046 2886 1216 2954 erroremd
1243 2892 1291 2954 in·

169 2983 330 3046 mundior
358 2984 393 3045 et
420 2981 555 3045 refelli⁰
584 2983 721 3064 oportet
753 2983 790 3042 et
821 2979 937 3043 habici
965 2979 1077 3044 debet.
1131 2980 1185 3042 Ne
1216 2980 1291 3061 quis

171 3091 252 3154 ergo
280 3091 321 3135 ex
349 3071 403 3133 his
431 3070 582 3153 primeve
609 3062 702 3132 ritus
728 3068 930 3132 tradicionis
955 3071 991 3132 et
1013 3069 1130 3131 usuati
1154 3088 1291 3132 consue·

169 3160 292 3223 tudine
316 3159 419 3221 moris
436 3159 581 3221 mundas
605 3158 647 3221 ab
664 3158 840 3221 inmundis
857 3157 1024 3220 diiudicet
1041 3176 1144 3220 escas.
1181 3157 1213 3219 N
1216 3177 1291 3220 emo

172 3248 339 3312 sumenda
372 3247 558 3310 inhonesta
591 3246 725 3323 reiciat,
767 3265 833 3328 qne
867 3244 968 3310 valde
1004 3245 1096 3309 bona
1130 3265 1203 3309 esse
1238 3246 1292 3308 sui

172 3336 328 3401 condicio
356 3336 490 3419 probat.
537 3334 648 3399 Nemo
672 3355 713 3398 ex
737 3334 790 3397 his
814 3334 903 3397 aliut
931 3334 1052 3417 privet,
1082 3333 1171 3397 aliut
1198 3355 1292 3397 usur·

172 3429 241 3509 pet,
265 3425 332 3488 nisi
354 3428 494 3487 tantum
509 3423 572 3486 illa
588 3424 795 3487 discretione
814 3426 958 3498 servata,
983 3443 1049 3505 que
1074 3422 1116 3486 ab
1133 3423 1292 3486 omnibus

172 3513 369 3576 christianis
402 3515 544 3576 tenetur
578 3512 739 3576 salutaris
774 3514 809 3575 et
843 3531 1005 3594 congrua.
1058 3512 1223 3594 Alioquin
1256 3512 1293 3574 in

169 3602 442 3685 transgressione
473 3601 616 3683 quisque
647 3603 805 3664 detectus
835 3601 1035 3664 constitutis
1068 3601 1134 3665 erit
1166 3600 1292 3685 suppli·

171 3690 233 3754 ciis
256 3690 479 3755 addicendus.

279 3880 318 3922 vl,
366 3882 388 3926 a)
407 3881 536 3928 nuptiarum
550 3881 596 3921 131.
677 3879 700 3926 b)
719 3880 912 3929 propinquitatem
927 3880 976 3922 122.
1058 3882 1079 3928 c)
1097 3880 1210 3919 coniuctlo
1225 3890 1294 3929 copu-

172 3932 221 3972 lent
234 3933 280 3975 Bl.
335 3931 359 3982 d)
373 3934 461 3972 incestu
476 3934 524 3974 ΗΞ.
579 3935 600 3981 e)
614 3934 721 3981 intellipe:
736 3934 808 3983 coitu3
824 3934 883 3972 coita
897 3934 946 3975 R2,
1000 3931 1126 3982 oadpetat
1139 3935 1187 3974 122.

207 4037 236 4078 d.
279 3986 330 4027 vn.
371 3989 393 4034 a)
407 3987 497 4024 marica
511 3988 567 4024 dust
581 3987 629 4028 Rs.
684 3987 707 4037 b)
720 3987 753 4024 {ta
767 3987 816 4028 El.
826 3987 846 4028 2.
861 3987 914 4033 alifi
928 3987 1051 4026 sanctionis
1066 3988 1117 4037 B1;
1132 3987 1230 4025 setcsnls
1245 3986 1294 4027 122.

172 4041 194 4087 c)
237 4044 261 4079 ta
275 4041 321 4081 ΕΙ.

279 4093 342 4134 vui.
374 4094 396 4139 a)
409 4093 523 4140 {rumpite
537 4096 556 4130 et
570 4093 659 4130 rubrica
674 4093 716 4140 lapi
729 4096 832 4142 nequeunt
847 4093 893 4134 121.
933 4093 956 4140 b)
971 4090 1106 4131 dlllndieent
1119 4093 1168 4133 122.
1210 4094 1294 4139 αμψο-

171 4145 243 4185 stolus
257 4146 306 4186 ΒΞ,
383 4143 406 4192 d)
420 4147 453 4183 ita
466 4146 547 4193 n1.2;
569 4147 626 4194 lene:
640 4156 724 4188 errore.
801 4147 823 4193 e)
837 4147 869 4183 lla
883 4146 936 4195 RQ
959 4144 1024 4184 rcfllll
1039 4146 1085 4187 ΕΙ.
1161 4145 1291 4193 oltaE13

171 4199 240 4238 ritum
254 4200 305 4249 1³13
320 4199 471 4247 (primavcnit
484 4203 510 4238 nt
523 4198 572 4240 122.

171 4340 198 4407 1)
218 4340 270 4394 Tit.
290 4343 315 4406 1,
336 4342 379 4394 15.
