3000 4934
377 1245 452 1317 DE
487 1243 738 1318 ORIGINE
773 1245 1126 1318 NATURALP.

454 1466 667 1577 mem
705 1464 1053 1601 QUARTUS.
1148 1438 1152 1446 ’

436 1719 464 1782 Ι.
481 1717 699 1784 TITULUS:
729 1719 792 1783 DE
817 1718 1069 1785 GRADIBUS.

289 1842 318 1905 Ι.
353 1841 407 1908 De
430 1844 533 1927 primi
556 1845 683 1926 gradus
705 1847 843 1907 nature.

266 1931 316 1994 II.
352 1929 405 1996 De
429 1933 572 1995 secundi
595 1933 722 2015 gradus
746 1932 937 1996 adfinitate.

246 2020 317 2083 ΠΙ.
352 2019 406 2084 De
428 2020 526 2083 tertii
549 2021 677 2103 gradus
700 2019 890 2103 parentela.

226 2108 317 2171 IIII.
353 2108 406 2171 De
429 2108 546 2190 quarti
569 2107 697 2191 gradus
721 2107 1032 2189 consanguinitate.

274 2195 315 2260 V.
351 2196 404 2260 De
428 2195 542 2278 quinti
565 2196 693 2278 gradus
716 2195 859 2278 origine.

254 2283 316 2348 VI.
351 2283 405 2349 De
429 2284 518 2348 sexti
541 2284 668 2367 gradus
692 2283 920 2348 extremitate.

233 2372 316 2436 VII.
351 2372 405 2437 De
434 2373 590 2456 personis
620 2372 759 2456 septimi
791 2372 938 2455 geuene,
975 2393 1040 2455 que
1075 2372 1210 2456 legibus
1244 2394 1314 2438 non

350 2464 525 2526 tenentur.

630 2649 654 2705 1.
685 2647 870 2719 numum.

445 2760 506 2825 De
536 2761 665 2844 primi
694 2762 855 2845 gradus
884 2765 1053 2826 nutura.

298 2861 393 2916 Primo
405 2862 493 2933 gradu
508 2861 685 2916 continentur
696 2861 830 2931 superiori
847 2862 931 2917 lineo:
950 2867 1037 2932 puter,
1056 2866 1157 2930 moter3
1176 2862 1311 2916 inferiori:
1323 2860 1464 2905 ΛΜΝ·

189 2931 270 3002 filius,
288 2932 360 3000 Βίης
379 2933 478 3002 quibus
495 2933 570 2987 nulle
588 2933 641 2987 ulie
658 2949 775 3002 persone
792 2933 952 3004 iunguntur.
1324 2913 1449 3017 Wlff-

730 3107 770 3162 H.

373 3219 433 3286 De
464 3220 648 3284 secundi
676 3221 836 3304 gradus
866 3219 1122 3283 adfinitate.

297 3319 425 3376 Secundo
443 3320 532 3392 gradu
545 3319 722 3376 continentur
733 3319 867 3389 superiori
884 3319 970 3372 linea:
989 3336 1063 3385 avus,
1082 3319 1155 3388 πίας
1174 3319 1310 3374 inferiori:
1322 3320 1481 3368 ‘wetm-

189 3407 283 3460 nepus,
302 3392 406 3461 neptim
424 3396 590 3446 transverso:
609 3390 702 3459 frater,
717 3400 826 3458 serora,
846 3407 899 3459 quo
911 3407 1027 3458 persono
1040 3390 1228 3459 duplicantur;
1246 3408 1312 3444 avus
1344 3375 1453 3425 [ΚΜ

189 3461 261 3515 enim
281 3466 310 3516 et
328 3463 388 3516 avie
405 3467 463 3516 tam
481 3480 516 3517 ex
534 3467 612 3532 patre
631 3480 713 3530 quam
733 3480 767 3516 ex
786 3465 882 3528 matre,
905 3478 999 3531 nepos,
1018 3463 1107 3531 neptis
1126 3465 1183 3515 tam
1202 3480 1237 3517 ex
1254 3461 1311 3517 filio

189 3549 272 3601 quom
295 3550 330 3587 ex
347 3532 411 3602 filia,
436 3533 522 3588 freter
539 3538 568 3588 et
586 3550 663 3588 soror
685 3538 743 3587 tum
762 3550 796 3588 ex
813 3537 892 3602 patre
910 3550 993 3602 quam
1012 3550 1047 3587 ex
1064 3536 1152 3588 matre
1174 3534 1310 3603 occipiun-

188 3608 241 3660 tur.
272 3602 333 3716 (zue
350 3622 467 3688 persone
486 3605 662 3673 sequentibus
680 3622 789 3688 quoque
806 3604 936 3687 grauibus
955 3605 1080 3687 similiter
1096 3621 1147 3687 pro
1160 3605 1311 3659 substantie

188 3690 282 3728 mm
294 3692 564 3815 trimeter
582 3676 1450 3817 {terremtatemtrtttt........

188 3815 252 3884 quie
264 3816 320 3870 duo
332 3818 384 3884 avi,
403 3821 432 3872 et
448 3823 579 3887 paternus
598 3821 626 3871 et
643 3823 791 3873 maternus.
822 3817 895 3872 Item
912 3818 966 3871 duo
978 3836 1081 3887 genera
1093 3823 1225 3887 nepotum
1238 3823 1309 3886 sunt,

187 3886 243 3941 sive
269 3905 303 3941 ex
328 3887 393 3957 tilio,
419 3889 475 3942 sive
500 3906 534 3942 ex
559 3888 616 3941 filia
638 3889 784 3957 procreati.
821 3888 918 3941 Frater
941 3893 969 3942 et
992 3906 1069 3942 soror
1092 3906 1126 3943 ex
1148 3887 1306 3942 tresversof

186 3958 309 4024 veniunt,
334 3958 364 4012 id
389 3963 430 4013 eut
454 3959 541 4013 frater
563 3959 648 4028 patris
673 3963 721 4013 aut
745 3959 832 4012 frater
855 3960 958 4027 matris,
984 3961 1032 4027 qui
1055 3963 1103 4013 aut
1124 3964 1239 4027 patruus
1262 3962 1310 4012 aut

186 4030 337 4083 avunculus
355 4031 546 4098 nominantur3
564 4030 612 4098 qui
630 4033 658 4084 et
675 4030 727 4099 ipsi
744 4030 798 4083 hoo
817 4029 912 4083 ordine
931 4030 1113 4099 duplicentur.

293 4207 440 4251 1.113.1111.
480 4206 658 4255 annualibus
672 4207 718 4251 121.

293 4261 323 4305 11.
363 4263 386 4309 a)
400 4266 423 4302 et
436 4274 454 4304 ο,
468 4261 515 4303 ΕΙ.
591 4259 615 4308 b)
628 4270 706 4301 eorum
720 4262 766 4304 Rl.
846 4262 866 4309 o)
880 4257 1030 4309 dupluoantur
1044 4261 1091 4303 Rl.
1166 4258 1189 4308 d)
1204 4261 1247 4300 iste
1261 4260 1308 4302 ΒΞ.

186 4313 207 4356 e)
221 4312 278 4352 dom
291 4314 338 4357 121.
392 4316 555 4363 nti-emeno
570 4314 617 4358 m.
