3000 4934
127 241 181 295 298
315 236 392 289 Lux
410 234 526 291 VISIG.
546 234 815 290 REOOXSSVIND.
852 235 920 302 XII,
941 239 965 302 1,
984 239 1015 300 23
1038 239 1064 290 2.

129 422 173 484 ad
196 424 349 484 nostram
374 405 651 482 non'retulerint
679 418 900 500 agnitionem,
930 419 1089 481 noverint
1113 438 1149 482 se
1174 441 1250 483 con-

129 509 200 573 cilii
223 509 351 572 iudicio
368 529 440 572 esse
457 507 666 591 plectendos,
693 511 728 570 et
751 507 970 580 detrimenta,
994 527 1253 590 quepauperes

129 618 247 662 eorum
271 597 409 661 silentio
434 595 649 680 pertulerint,
677 616 717 659 ex
746 616 862 658 eorum
885 595 988 658 rebus
1011 595 1081 657 illis
1106 617 1254 660 essere-

129 686 315 750 stituenda.

196 933 245 995 II.
270 931 483 995 TITULUS:
523 931 585 993 DE
618 930 812 996 OMNIUM
843 930 1184 996 HERETIOORUM

151 1037 312 1116 ADQUE
360 1037 611 1101 IUDEORUM
658 1037 855 1102 OUNOTIS
901 1037 1232 1102 HIIRRORIBUSa

496 1137 875 1208 AMPUTANDISQ

278 1269 306 1330 Ι.
343 1268 443 1347 Quod
471 1271 549 1352 post
578 1269 676 1331 datas
704 1267 864 1330 fidelibus
892 1267 995 1350 leges,
1025 1269 1180 1352 oportuit
1203 1269 1253 1331 in-

342 1357 521 1420 fidelibus⁰
552 1356 799 1420 constitutione
823 1376 949 1439 ponere
974 1355 1077 1438 leges.

258 1445 306 1508 II.
343 1446 396 1509 De
420 1446 573 1508 omnium
597 1446 756 1508 heresum
780 1445 952 1508 erroribus
976 1445 1155 1508 abdicatis.

236 1533 306 1596 III.
343 1533 395 1596 De
424 1534 514 1597 datis
543 1536 578 1595 et
602 1534 812 1596 confirmatis
840 1532 975 1616 legibus
1003 1555 1106 1617 supra
1129 1534 1251 1598 Iudeo

342 1643 420 1684 rum
442 1623 652 1704 nequitiam⁰
682 1621 919 1705 promulgatis.

215 1710 306 1772 IIII.
342 1711 395 1774 De
419 1711 552 1774 cunctis
569 1710 756 1773 Iudeorum
780 1711 950 1774 erroribus
974 1711 1183 1793 generaliter
1200 1732 1251 1775 ex·

341 1799 490 1882 tirpatis.

265 1887 305 1950 V.
341 1888 394 1951 Ne
418 1888 520 1952 Iudei
543 1908 636 1952 more
661 1908 722 1950 suo
747 1887 924 1951 celebrent
947 1908 1059 1971 pasca.

245 1976 306 2038 VI.
341 1977 395 2041 Ne
419 1976 520 2040 Iudei
547 1997 641 2040 more
670 1997 731 2039 suo
761 1977 862 2039 fedus
891 1976 1055 2060 copulent
1082 1978 1248 2061 nuptiale.

223 2065 304 2127 VII.
340 2065 393 2129 Ne
418 2065 519 2129 Iudei
543 2066 654 2128 carnis
678 2065 811 2128 faciant
835 2065 1136 2129 circumcissiones

201 2154 304 2216 VIII.
340 2154 371 2216 N
375 2175 393 2217 e
418 2154 518 2217 Iudei
541 2175 635 2217 more
659 2175 720 2216 suo
745 2149 962 2217 diiudicentd
990 2174 1093 2217 escas.

181 2242 305 2304 VIIII.
341 2242 393 2306 Ne
418 2243 518 2305 Iudei
542 2243 721 2324 questione
747 2243 951 2306 christianos
974 2243 1175 2306 inscribant.

262 2330 304 2391 X.
340 2331 393 2393 Ne
418 2330 519 2393 Iudei
543 2334 663 2393 contra
687 2332 892 2394 christianos
915 2333 1157 2395 testificentur.

241 2418 305 2480 XI.
341 2418 394 2481 De
411 2439 508 2501 pena,
527 2438 595 2501 qua
606 2420 807 2502 perimenda
822 2424 875 2484 est
890 2421 1116 2503 transgressio
1129 2421 1249 2485 Iudeo-

340 2528 428 2569 rum.

222 2595 305 2658 XII.
342 2595 395 2659 Ne
431 2596 559 2659 Iudeus
596 2597 822 2660 christianum
860 2598 1070 2680 mancipium
1110 2599 1249 2661 clrcum·

343 2685 445 2748 cidat.

201 2773 305 2835 XIII.
341 2772 394 2836 De
425 2773 605 2857 mancipiis
636 2775 845 2849 christianis,
879 2779 965 2856 quee
994 2796 1013 2838 a
1039 2775 1157 2838 Iudeis
1189 2779 1249 2838 aut

340 2862 501 3031 venpilita⁰
535 2866 596 2925 aut
626 2863 780 2926 libertati
810 2864 940 2926 tradita
973 2857 1075 2945 [essef
1105 2885 1249 2927 noscun-

340 2953 398 3013 tur
438 2998 444 3012 .

179 3038 304 3101 XIIII.
340 3040 390 3103 Ut
429 3039 535 3103 nullis
575 3040 684 3103 modis
720 3040 837 3103 Iudeis
875 3041 1048 3124 mancipia
1085 3042 1250 3106 adereant

342 3129 540 3191 christiana.

229 3216 305 3279 XV.
342 3216 418 3281 Deg
443 3217 630 3280 interdicto
658 3217 816 3280 omnibus
848 3219 1057 3293 christianis,
1089 3239 1132 3283 ne
1163 3220 1249 3301 quis-

341 3326 406 3388 que
446 3305 617 3369 Iudeum⁰
657 3326 908 3388 quamcumque
946 3307 1099 3371 factione
1138 3309 1249 3390 adque

340 3394 459 3459 favore
481 3395 656 3458 vindicare
681 3395 735 3458 vel
758 3396 849 3459 tueri
873 3398 1069 3478 pertemtet.

209 3482 305 3544 XVI.
341 3483 394 3545 De
418 3483 679 3546 Iudaizantibus
704 3484 912 3547 christianis.

187 3570 304 3633 XVII.
340 3570 513 3634 Placitum
565 3571 749 3635 Iudeorum
803 3574 841 3635 in
893 3575 1031 3637 nomine
1084 3575 1249 3658 principis

340 3659 484 3722 factum.

234 3831 290 3871 rrr.
306 3830 335 3871 11.
377 3833 399 3878 a)
417 3831 587 3872 annotemus
602 3833 651 3873 aa.
732 3834 754 3882 b)
774 3835 946 3876 nururnrrs
961 3837 1012 3884 1213
1035 3836 1186 3876 rurnnnrs
1201 3838 1242 3875 aa

127 3884 247 3974 pp'relr'qpq
261 3883 429 3984 rufflsafipffi
443 3886 499 3923 deest
513 3886 562 3926 132.
603 3883 626 3934 d)
641 3883 742 3926 iudicent
756 3889 802 3930 Bl.
844 3892 865 3936 e)
880 3900 977 3938 quapro
992 3901 1059 3938 quea
1073 3890 1120 3931 Rl.
1162 3892 1239 3936 odeas

147 3947 192 3974 snm
247 3968 252 3977 .
306 3948 320 3985 g
365 3949 376 3976 e
434 3968 439 3979 .

128 4062 153 4127 1)
172 4062 212 4113 De
231 4061 332 4127 lapibus
349 4064 425 4114 tituli
443 4063 525 4115 huius
536 4072 629 4116 contro
641 4066 754 4118 Iudaeos
772 4069 845 4118 datis
862 4069 897 4131 cf.
911 4066 1067 4132 Helfferich,
1083 4068 1226 4133 ‘Weotplt

124 4150 152 4199 p.
171 4136 206 4187 40
218 4150 273 4199 sqq.
292 4135 327 4188 68
339 4151 393 4201 sqq.
413 4136 465 4189 179
478 4151 550 4201 sqq.,·
576 4136 612 4190 H.
632 4139 726 4202 Gran,
752 4138 811 4189 ‘Dic
832 4139 1032 4202 Wcstqothischc
1057 4140 1219 4203 Gesetzpebm

126 4206 156 4253 in
168 4205 273 4269 Betreff
286 4206 674 4275 dchudcn',Vratisl.1858,
694 4208 738 4271 4⁰;
757 4209 849 4275 Data,
865 4210 987 4275 ‘Ko'nipc'
1005 4209 1068 4274 Vll,
1086 4228 1114 4277 p.
1127 4213 1179 4264 411
1194 4228 1212 4261 s·
