3000 4934
375 370 453 424 LEX
471 370 586 426 VISIG.
605 369 874 426 RECOESSVIND.
911 370 947 438 X,
968 375 993 439 2,
1012 376 1037 426 2.
1057 376 1082 427 3.
1240 376 1293 429 301

167 555 444 618 contradictione
473 554 738 618 controversiam
768 554 919 637 perfidus
943 555 1071 618 excitet
1095 555 1291 637 pervicacis,

166 644 298 706 nonin
322 644 502 726 proritatis
526 635 766 706 contentionei
788 641 886 706 litem
910 646 1043 705 statuat
1067 644 1290 707 adversantis.

165 731 259 795 Nam
281 751 494 814 quecumque
518 752 664 814 persona
686 732 723 792 in
740 731 872 794 cunctis
896 726 984 794 stisk
1003 733 1120 794 vetitis
1138 733 1292 796 extiterit
1328 770 1330 776 ι

166 821 392 904 deprehensa,
418 814 464 883 sil
487 821 626 902 quidem
650 840 691 883 ex
707 840 921 901 quacumque
945 820 1120 902 religionis
1145 824 1291 903 potesta·

165 912 239 973 tem
247 915 271 944 ¹¹¹
298 909 354 973 vel
384 909 502 972 ordine
533 909 650 983 fuerit,
683 909 828 971 amisson
860 908 928 971 loci
956 912 991 972 et
1022 909 1203 991 dignitatis
1234 910 1291 972 ho-

166 1019 260 1075 nore,
284 1001 452 1081 perpetuo
475 1001 574 1061 reatu
599 999 665 1060 erit
688 996 865 1072 obnoxius,
890 1017 1005 1060 rerum
1030 998 1135 1060 etiam
1155 1001 1291 1061 cuncta-

165 1108 244 1149 rum
273 1086 454 1150 amissione
483 1086 662 1149 multatus.
711 1085 850 1148 sivero
879 1106 920 1149 ex
944 1085 1041 1149 laicis
1066 1087 1229 1159 extiterit,
1256 1090 1291 1150 et

167 1176 298 1238 honore
334 1175 467 1237 solutus
503 1177 538 1238 et
572 1174 661 1249 loco,
701 1174 795 1237 omni
828 1194 942 1236 rerum
978 1175 1044 1237 erit
1079 1175 1290 1257 possessione

165 1265 334 1339 nudatus,
370 1264 421 1325 ita
452 1266 493 1325 ut
525 1263 636 1326 omnis
669 1267 902 1344 transgressor
934 1263 1122 1326 sanctionis
1158 1264 1286 1326 huius⁰

167 1356 230 1414 aut
254 1355 372 1416 eterno
397 1351 499 1415 exilio
527 1352 744 1434 mancipatus
771 1351 930 1425 intereat,
960 1354 1021 1413 aut
1051 1351 1167 1414 divina
1195 1353 1290 1415 mise·

167 1441 302 1504 ratione
328 1444 505 1524 respectus
530 1461 549 1503 a
574 1440 844 1523 prevaricatione
873 1442 1095 1503 convertatur
1123 1444 1158 1504 et
1184 1441 1289 1503 vivat.

265 1610 321 1667 III.
351 1610 520 1666 FLAVIUS
539 1610 754 1664 GLORIOSUS
773 1609 1083 1664 REOOESSVINDUS
1101 1611 1188 1666 REX.

168 1723 228 1787 De
256 1723 373 1786 datis
403 1727 445 1787 et
473 1724 755 1787 confirmatis
784 1723 959 1806 legibus
987 1744 1116 1807 supra
1139 1724 1289 1788 ludeo·

380 1834 471 1875 rum
498 1813 742 1894 nequitiam
771 1812 1075 1895 promulgatis.

274 1918 400 1982 Vetitis
425 1923 460 1982 et
484 1919 624 1982 seclusis
648 1919 855 2001 generaliter
879 1919 1033 1981 omnium
1057 1919 1288 1981 hereticorum

167 2008 459 2090 presumtionibus
483 2008 692 2081 execrandis,
716 2028 809 2070 nune
833 2006 1029 2090 specialiter
1046 2007 1144 2069 nobis
1169 2010 1221 2069 est
1246 2007 1287 2069 de

167 2095 382 2178 presentibus
411 2096 650 2173 ordinandum,
680 2096 841 2177 quoniam
869 2099 904 2158 et
931 2095 968 2156 in
992 2095 1142 2176 presenti
1168 2095 1209 2157 de
1234 2095 1287 2157 his

167 2183 403 2266 cognoscimus
443 2205 515 2248 esse
555 2187 778 2268 presumtum.
836 2183 926 2246 Nam
964 2203 1042 2245 cum
1076 2183 1186 2246 virtus
1221 2183 1288 2246 Dei

166 2274 278 2334 totum
302 2273 544 2336 universaliter
568 2273 640 2336 acie
663 2272 760 2336 verbi
782 2273 836 2334 sui
858 2272 1026 2334 radicitus
1054 2272 1212 2335 heresum
1237 2293 1289 2335 ex·

166 2360 347 2444 tirpaverit
365 2361 550 2439 surculum,
573 2362 702 2425 solama
723 2361 909 2423 Iudeorum
925 2361 1115 2443 nequitiam
1131 2361 1288 2443 ingemis-

168 2450 275 2512 cimus
309 2451 485 2533 regiminis
521 2450 630 2514 nostri
665 2470 745 2513 arva
780 2470 853 2513 esse
888 2449 1032 2532 polluta.
1091 2449 1192 2513 Unde
1228 2471 1288 2532 per

167 2539 326 2622 spiritum
350 2539 417 2602 Dei
439 2540 614 2602 vindicare
639 2532 862 2602 cenavimurb
890 2559 1009 2621 pacem
1033 2540 1196 2613 nostram,
1222 2559 1287 2620 que

166 2626 351 2709 gentibusl
374 2628 513 2710 quidem
537 2628 688 2691 stultitia
711 2631 772 2705 est,
798 2628 927 2691 eisdem
949 2649 1029 2691 vero
1054 2628 1171 2690 iudeis
1195 2648 1287 2690 sean-

168 2716 295 2792 dalum,
324 2716 424 2781 nobis
452 2721 569 2780 autem
593 2716 813 2780 credentibus
836 2717 928 2779 idem
954 2714 1110 2778 Christus
1135 2715 1201 2778 Dei
1224 2716 1287 2778 vir·

166 2808 224 2868 tus
247 2808 283 2868 et
306 2804 373 2869 Dei
397 2804 597 2890 sapiential,
623 2805 719 2869 cuius
743 2805 1017 2867 miserationem⁰
1038 2804 1195 2886 preventi
1212 2824 1287 2866 con-

166 2888 343 2956 cutimur‘l
369 2894 562 2958 intentione
579 2894 682 2969 fideli,
707 2897 779 2955 tam
795 2893 940 2956 vetustis
965 2892 1135 2955 erroribus
1160 2912 1286 2973 ponere

166 2981 278 3057 finem,
303 3003 407 3064 quarn
429 2983 628 3046 futurorum
649 2983 866 3045 exordiorum
883 2980 1061 3044 concidere
1084 2979 1285 3043 novitatem.

167 3068 383 3154 Quapropter
407 3075 579 3135 etername
608 3071 720 3153 legem
748 3070 906 3133 iubemus
930 3073 965 3132 et
989 3089 1161 3132 sacrarum
1185 3068 1286 3151 scrip-

165 3161 322 3221 turarum
349 3159 444 3222 iussu
472 3160 701 3235 decernimus,
733 3163 805 3221 tam
833 3162 1028 3221 nostrarum
1055 3157 1171 3238 legum
1199 3157 1286 3219 edic·

164 3241 274 3324 tumf,
306 3268 409 3330 qnam
438 3269 671 3332 precessorum
699 3251 894 3312 nostrorum
922 3266 1043 3328 regum
1069 3245 1174 3327 legali
1200 3245 1286 3309 serie

165 3337 356 3400 sententias
386 3339 631 3420 promulgatas,
665 3357 729 3419 que
759 3340 880 3399 contra
908 3356 1026 3398 eorum
1054 3334 1224 3417 perfidiag
1250 3338 1286 3397 et

165 3444 326 3507 personas
351 3427 434 3489 data
457 3427 660 3500 consistunt,
690 3429 810 3489 eterna
837 3423 1128 3487 consecrationem
1138 3415 1154 3457 ¹¹
1181 3422 1285 3486 invio·

165 3511 237 3576 lata
271 3515 453 3597 persistere
486 3519 521 3578 et
552 3515 695 3597 perenni
730 3514 888 3576 custodia
922 3512 1102 3575 observata
1137 3531 1284 3574 manere.

165 3599 239 3679 Que
263 3603 292 3665 si
315 3604 391 3685 quis
415 3624 533 3667 eorum
555 3607 723 3667 temerare
745 3603 902 3666 detectus
919 3601 1081 3676 extiterit,
1108 3605 1143 3663 et
1167 3600 1286 3663 subter

163 3688 351 3754 iacentium
375 3692 492 3773 legum
509 3692 642 3754 damnis
665 3692 786 3754 noxius
811 3691 876 3754 erit
900 3693 935 3753 et
959 3689 1164 3773 specialibus
1185 3689 1285 3752 ultio·

164 3799 246 3841 num
271 3781 450 3844 sententiis
475 3780 677 3844 subiacebit.

270 3971 287 4017 l)
301 3971 315 4012 l.
330 3982 349 4018 q,
364 3971 537 4019 contemptione.
615 3970 637 4018 k)
652 3970 701 4010 istis
716 3971 764 4011 122.
842 3970 857 4017 l)
871 3971 927 4008 (ἱερεῖ
942 3971 988 4012 Bl.
1067 3972 1098 4017 m)
1111 3973 1223 4016 potestate
1237 3967 1285 4009 122.

164 4023 187 4069 n)
201 4021 299 4063 admisso
313 4025 334 4062 R
342 4025 359 4065 1.
414 4025 436 4073 o)
450 4025 515 4063 istius
529 4025 550 4062 R
559 4025 578 4065 2,

270 4078 312 4118 111.
360 4079 382 4124 a)
400 4078 448 4116 sola
462 4078 479 4120 1.
495 4078 596 4125 nequitia
615 4077 662 4118 122.
744 4077 766 4124 b)
785 4087 892 4115 conamur
906 4076 954 4117 aa
1036 4078 1057 4122 c)
1076 4075 1219 4113 miseratione
1236 4073 1284 4116 122,

163 4126 412 4176 d)concutti1nur1t1.
493 4131 515 4182 e)
529 4137 608 4170 eterna
622 4131 671 4178 lege
685 4131 734 4171 122.
814 4128 986 4177 bedictum.
1067 4125 1282 4176 apostatarant,

163 4182 187 4230 h)
201 4184 371 4223 consecratione
385 4184 405 4221 R
415 4185 433 4225 2.

164 4342 190 4408 1)
208 4343 250 4407 Cf.
271 4346 295 4397 1.
310 4343 371 4398 Cor.
386 4347 409 4410 1,
430 4346 473 4398 23.
492 4345 537 4398 24.
