3000 4934
184 364 219 416 rs
371 357 449 412 mx
466 355 581 412 visio.
600 353 870 415 nnsorssvrru.
906 356 946 427 11,
960 361 984 426 1,
1003 362 1119 415 29-31.

185 542 370 619 iudicibus,
403 545 563 605 causamEi
596 538 655 623 qui
684 538 816 602 fuerint
846 540 977 604 iudices
1007 541 1162 605 instituti
1192 545 1310 608 termi-

184 653 267 696 nare
293 630 474 695 curabunt.
521 628 567 691 Et
597 627 635 703 si,
667 630 769 710 cepta
797 628 866 691 iam
897 631 958 692 aut
988 629 1096 707 finita,
1129 649 1189 694 seu
1220 636 1309 716 aput

185 721 406 795 sacerdotem,
432 719 502 782 sive
525 720 610 802 aput
626 717 796 793 comitem,
822 717 1001 792 actionem,
1028 719 1221 783 causidicus
1244 720 1307 787 ille

184 811 311 873 iterum
327 800 426 873 cumh
445 806 555 889 regali
570 805 720 869 iussione
738 805 960 882 hoccurrerit,
986 807 1049 885 his,
1067 807 1127 890 qui
1143 816 1306 872 causamg

184 898 337 962 iudicare
368 896 460 980 cepit
490 916 550 959 seu
580 893 704 970 finibit,
736 893 806 957 illis
833 895 884 957 rei
912 898 1007 977 geste
1030 895 1230 960 redditmus
1254 901 1308 962 est

184 978 387 1062 rasionomi,
413 985 472 1067 qui
495 1004 557 1067 per
580 983 713 1065 regium
737 983 915 1046 decretum
938 984 1093 1047 instituti
1116 988 1198 1049 sunt
1221 987 1307 1050 iudi·

185 1096 254 1152 ces;
279 1076 458 1157 quatenus,
484 1074 513 1136 si
529 1073 617 1136 male
634 1071 802 1135 iudicasse
820 1071 1043 1150 convincitur,
1068 1073 1167 1137 iuxta
1186 1070 1304 1158 legesk

185 1163 377 1228 satisfaciat
406 1162 557 1245 petitori.
612 1159 714 1225 Certe
745 1160 774 1222 si
802 1160 930 1225 iniuste
964 1161 1072 1225 fuerit
1107 1163 1305 1240 advexatus,

184 1252 290 1336 legali
313 1272 348 1315 se
371 1250 506 1315 noverit
530 1250 659 1334 petitor
682 1249 890 1313 sententiam
914 1250 1168 1313 damnaturum.

262 1450 354 1506 XXX.
386 1448 555 1504 FLAVIUS
575 1447 789 1504 GLORIOSUS
808 1445 1119 1504 REOOESSVINDUS
1138 1447 1227 1504 REX.

208 1562 267 1626 De
296 1562 463 1624 damnis
490 1561 684 1624 iudicum
713 1560 860 1624 aliena
888 1561 1284 1643 contingentium.

293 1684 380 1750 Cum
410 1687 546 1748 constet
575 1685 706 1747 iudices
736 1684 967 1747 remediorum
995 1705 1099 1748 causa
1122 1705 1194 1748 esse
1219 1706 1307 1751 crea·

184 1778 252 1851 tos,
289 1773 429 1857 quidam
464 1793 505 1836 ex
539 1773 594 1835 his
628 1793 690 1855 per
724 1772 949 1849 contrarium,
986 1773 1077 1856 quod
1113 1773 1308 1838 debuerunt

184 1863 305 1927 iudicii
328 1862 480 1945 equitate
510 1861 705 1938 defendere,
736 1860 855 1924 inlatis
886 1855 1127 1926 contenduntb
1159 1883 1307 1947 presum-

184 1952 338 2016 tionibus
360 1952 565 2035 inpugnare.
611 1952 766 2033 Accepta
780 1971 928 2033 namque
945 1950 1153 2015 auctoritate
1176 1951 1305 2030 iudicii,

186 2043 389 2125 presumunt
412 2061 482 2103 non
506 2039 678 2120 debitam⁰
698 2039 736 2101 in
755 2038 877 2103 alienis
899 2039 1002 2103 rebus
1026 2060 1183 2105 exercere
1206 2040 1308 2105 licen-

185 2130 272 2193 tiam
306 2124 380 2206 etd,
416 2132 519 2212 prout
549 2128 696 2211 cuique⁰
731 2127 831 2205 libet,
866 2149 936 2191 non
970 2130 1132 2191 metuunt
1162 2129 1309 2193 aliorum

187 2219 286 2283 bonis
315 2218 443 2281 inferre
475 2218 656 2301 dispendia
684 2218 785 2281 noxie
816 2217 1008 2300 potestatis.
1059 2217 1209 2282 Proinde
1238 2218 1307 2300 qui·

186 2327 331 2389 cumque
361 2306 515 2369 iudicum
544 2309 665 2370 contra
687 2306 781 2370 iussa
803 2308 838 2369 et
862 2305 998 2377 ordines
1022 2306 1138 2388 legum
1162 2307 1205 2370 de
1230 2306 1307 2371 alie·

185 2397 239 2459 nis
268 2395 371 2458 rebus
401 2395 578 2478 quippiam
609 2395 745 2458 auferre
773 2394 828 2458 vel
858 2393 895 2455 in
926 2394 974 2457 eis
1005 2393 1137 2477 aliquid
1166 2395 1308 2458 noxium

186 2483 434 2568 presumserint
468 2477 603 2566 ageres,
638 2484 736 2546 iuxta
770 2502 906 2545 omnem
939 2502 1118 2546 censuram
1149 2484 1267 2547 damni
1277 2489 1305 2562 ⁸,

186 2594 254 2656 qua
269 2575 431 2656 poterant
454 2572 540 2636 alios
563 2572 726 2648 iudicare,
751 2562 936 2634 severitash
954 2570 1034 2634 illos
1055 2570 1141 2655 legis
1158 2566 1301 2637 debeat¹

187 2663 425 2726 condemnare.

250 2851 360 2908 XXXI.
391 2849 562 2905 FLAVIUS
581 2843 801 2902 GLORJORUS
820 2844 1131 2905 REOOESSVINDUS
1149 2848 1237 2907 REX.

186 2964 246 3029 De
270 2965 353 3041 his,
379 2963 452 3046 qui
474 2961 659 3044 regiam³
687 2953 1031 3023 contemserintb
1058 2962 1308 3027 iussionem.

296 3087 509 3168 Quicumque
532 3083 761 3166 ingenuorum
783 3083 936 3167 regiama
954 3085 1140 3150 iussionem
1161 3088 1309 3151 contem·

186 3198 268 3242 nere
295 3175 480 3249 invenitur,
512 3172 541 3235 si
563 3170 712 3235 nobilior
736 3193 882 3256 persona
904 3176 966 3251 est,
997 3177 1068 3238 tres
1098 3175 1204 3239 libras
1233 3176 1310 3238 auri
1338 3208 1366 3247 a.

186 3266 268 3330 fisco
292 3263 480 3350 persolvat3
506 3260 535 3324 si
558 3261 676 3323 autem
698 3260 780 3325 talis
804 3262 858 3341 sit,
883 3263 943 3345 qui
965 3283 1036 3326 non
1055 3263 1192 3341 habeat,
1217 3265 1311 3329 unde

187 3359 270 3419 anc⁰
291 3353 342 3417 rei
366 3370 533 3415 summam
549 3348 737 3433 adinpleat,
763 3351 835 3416 sine
859 3346 943 3415 suo‘1
965 3352 1110 3415 infamio
1128 3352 1311 3434 dignitatis

187 3443 346 3508 Ohiotus
375 3438 592 3522 flagellorum
616 3438 774 3522 accipiat.
821 3437 920 3517 Quod
952 3440 980 3503 si
1011 3440 1154 3502 eventus
1185 3440 1311 3519 egritu-

187 3532 286 3607 dinis,
312 3527 495 3593 commotio
517 3527 745 3609 tempestatis,
770 3526 952 3589 inundatio
967 3525 1128 3602 fluminis,
1154 3543 1311 3608 consper-

187 3619 236 3682 sio
270 3617 373 3693 nivis‚
407 3615 463 3680 vel
498 3615 527 3678 si
561 3615 645 3697 quid
679 3614 899 3680 inevitabile⁰
934 3614 1036 3677 noxie
1070 3613 1121 3676 rei
1153 3613 1308 3682 obviasse

185 3706 275 3770 veris
303 3704 457 3788 patuerit
484 3703 632 3782 indiciis,
662 3725 733 3767 non
757 3703 823 3768 erit
845 3723 924 3768 reus
947 3702 1041 3786 regie
1064 3701 1225 3766 iussionis
1248 3708 1311 3769 aut

188 3794 321 3859 damnis
351 3792 506 3871 indictis,
543 3793 599 3857 cui
628 3786 751 3857 obuiaf
783 3792 853 3855 fuit
883 3811 987 3856 causa
1016 3791 1223 3856 manifesteg
1255 3814 1311 3857 ne·

188 3883 368 3949 cessitatis.

1339 3993 1368 4032 a.

293 4082 462 4134 monerem.
516 4082 540 4133 h)
554 4093 605 4123 eum
619 4082 669 4127 121.
723 4081 905 4130 trusionem.
960 4081 1110 4130 k)leeR1.

293 4137 360 4181 XXX.
394 4138 417 4185 a)
430 4135 652 4180 continentiule.
693 4135 716 4185 b)
730 4139 877 4176 contemnunt
891 4136 937 4178 ΕΙ.
979 4137 1000 4184 e)
1030 4134 1092 4176 obita
1105 4134 1152 4177 ΕΙ.
1193 4131 1217 4183 d)
1231 4134 1312 4180 urst.

187 4189 209 4254 e)
223 4189 356 4239 cuicumque
370 4190 419 4235 Μ.
473 4191 562 4240 θᾶκοι
576 4190 625 4234 132.
679 4191 772 4239 maaet
786 4190 833 4233 121.
887 4189 911 4238 h)
924 4189 1052 4230 seuvoritas
1066 4188 1118 4239 1213
1134 4187 1313 4233 seuctiamltt.

186 4246 203 4294 ι)
217 4241 390 4342 ᾱοὴηθῖὶιίέ.
413 4299 436 4346 s)
454 4298 517 4347 regis
531 4298 581 4339 ΕΙ.
648 4295 672 4345 b)
691 4297 842 4338 contemnes-tt
855 4295 904 4339 m.
973 4297 993 4345 c)
1011 4305 1037 4336 ee
1052 4294 1101 4338 122.
1169 4292 1193 4344 d)
1207 4304 1248 4334 sue
1261 4293 1313 4341 RS.

187 4352 208 4400 e)
223 4350 350 4392 mortuum
364 4351 427 4392 noxii
441 4352 462 4390 Β
471 4353 490 4394 1.
544 4352 563 4399 s)
577 4349 672 4390 obvians
686 4350 707 4389 R
716 4351 736 4395 2.
789 4351 812 4400 ς)
826 4349 947 4391 manifesta
960 4348 1084 4389 necessitas
1097 4347 1148 4392 1³2.
