3000 4934
360 370 439 424 anx
456 369 573 425 visis.
592 369 862 427 anccnssvmn.
899 371 967 441 xm,
985 378 1011 440 2,
1026 376 1067 429 ιτ.
1225 379 1278 430 313

153 557 266 620 Dens:
299 553 383 636 qniq
417 574 458 616 ex
487 553 587 617 nobis
618 553 762 617 horumr
789 555 942 617 omnium
965 555 1020 619 vel
1044 556 1146 619 unius
1169 560 1277 618 trans·

153 663 289 728 gressor
316 643 479 705 inventus
509 637 671 724 [fuerit⁸],
704 646 764 705 ant
788 664 809 704 a
831 643 930 706 nobis
954 644 1093 727 ignibus
1116 644 1171 708 vel
1195 644 1277 728 lapi·

154 733 257 797 dibus
287 731 486 815 perimatur,
523 734 594 807 aut,
631 731 660 792 si
690 731 783 794 hunc
814 732 858 794 ad
887 732 996 795 vitam
1026 733 1134 814 glorie
1164 737 1276 796 vestre

153 820 379 885 reservaverit
399 820 520 902 pietas,
545 840 624 881 mox
644 820 769 882 amissa
791 819 953 883 libertate
976 825 1049 883 tam
1072 842 1150 884 eum
1174 842 1277 903 qnam

153 929 292 974 omnem
320 908 372 972 rei
400 909 508 991 ipsius
543 907 750 972 facultatem
785 909 841 970 cui
872 909 1044 990 elegeritis
1080 911 1277 992 perenniter

154 993 436 1062 deserviendumt
473 997 623 1072 donetis
655 996 711 1059 vel
741 997 908 1079 quidquid
942 1018 983 1060 ex
1013 1017 1053 1061 eo
1084 1002 1145 1061 aut
1174 997 1276 1062 rebus

154 1088 228 1151 eius
255 1086 371 1149 facere
399 1086 576 1161 iusseritis,
607 1106 678 1148 non
707 1086 818 1148 solum
846 1105 888 1148 ex
910 1087 1009 1168 regni
1031 1088 1136 1151 vestri
1160 1091 1277 1170 poten·

152 1176 250 1251 tiam,
282 1175 343 1238 sed
371 1175 476 1237 etiam
505 1193 546 1237 ex
574 1174 677 1237 huius
701 1174 822 1257 placiti
845 1175 955 1237 nostri
979 1176 1161 1258 sponsione
1185 1181 1276 1258 pote·

153 1266 282 1327 statem
305 1262 450 1326 liberam
475 1262 642 1325 habeatis.

261 1351 369 1414 Facto
392 1351 522 1434 placito
546 1351 608 1414 sub
634 1351 689 1414 die
711 1352 912 1415 duodecimo
935 1352 1101 1415 kalendas
1120 1353 1274 1425 Martias,

154 1461 246 1503 anno
269 1438 420 1503 feliciter
444 1443 540 1503 sexto
563 1440 662 1523 regni
685 1440 793 1523 glorie
817 1444 930 1504 vestre
941 1440 961 1517 1,
986 1441 1023 1502 in
1047 1441 1113 1504 Dei
1137 1441 1275 1505 nomine

153 1528 286 1592 Mem
597 1616 827 1680 nxrmcrr.

260 1808 466 1856 quulaquiEl.
482 1809 528 1849 alii.
590 1807 610 1857 r)
624 1819 687 1847 orum
702 1808 748 1849 121.
811 1810 962 1855 aderam.
1025 1812 1042 1856 t)
1056 1810 1088 1847 ita
1102 1810 1150 1851 El.
1165 1810 1218 1856 clii,¹
1237 1807 1275 1847 de-

151 1858 277 1900 oernenda
290 1861 336 1903 131.

151 2076 179 2126 ci
196 2076 265 2125 anni
281 2077 361 2139 requi
373 2081 436 2139 post
454 2081 564 2125 moriem
579 2076 679 2141 patris,
699 2077 769 2124 anni
786 2075 847 2127 658.
