3000 4934
249 389 301 443 162
450 383 528 438 LEX
545 381 661 441 VISIG.
680 379 951 439 REOOESSVIND.
987 380 1023 447 V,
1042 383 1068 448 5,
1087 383 1166 440 5-7.

666 559 702 615 v.
734 557 949 628 ANTIQUAa.

248 673 308 738 De
335 673 464 738 rebus
494 671 798 736 conmendatis
826 673 868 735 et
899 690 1001 734 casu
1031 690 1299 755 quocumque
1327 673 1372 736 in

574 759 857 842 naufragium
885 759 1040 824 missis.

356 866 424 948 Qui
447 866 678 931 conmendata
700 857 914 949 susceperitb
933 864 989 929 vel
1006 859 1243 930 commodatab
1268 870 1304 931 et
1328 869 1371 932 de

247 958 349 1021 ruina
372 959 434 1020 aut
456 955 616 1019 incendio
638 953 694 1018 vel
717 952 923 1018 hostilitatis
945 953 1187 1037 naufragium⁰
1208 975 1269 1018 seu
1292 976 1372 1039 quo-

247 1045 335 1110 libet
369 1043 474 1109 simili
509 1063 591 1107 casu
623 1062 686 1106 sua
715 1042 831 1105 omnia
859 1040 1059 1106 liberaverit
1090 1045 1126 1106 et
1156 1043 1271 1107 aliena
1299 1064 1371 1128 per·

249 1133 389 1210 diderit,
426 1132 518 1216 quod
551 1131 684 1215 accepit
714 1131 788 1195 sine
818 1129 936 1213 aliqua
970 1131 1192 1196 excusatione
1227 1136 1372 1217 cogatur

248 1221 431 1287 exsolvere.
479 1220 515 1284 si
544 1240 625 1284 vero
655 1221 790 1303 partem
824 1218 977 1302 aliquam
1011 1220 1053 1283 de
1087 1218 1190 1284 rebus
1225 1222 1371 1305 propriis

248 1310 410 1375 liberasse
446 1309 674 1393 cognoscitur,
714 1307 783 1386 illi,
820 1308 916 1371 cuius
950 1327 1005 1372 res
1039 1327 1156 1372 secum
1189 1308 1369 1387 habuerat,

247 1399 346 1463 iuxta
374 1399 515 1463 modum
544 1396 679 1481 perdite
705 1397 757 1461 rei
778 1395 835 1460 vel
858 1394 1004 1461 liberate
1027 1397 1200 1475 restituat,
1232 1397 1371 1481 qualem

247 1488 352 1551 iudex
384 1487 556 1551 rationem
590 1485 741 1549 deducta
775 1484 988 1549 estimaverit
1022 1486 1225 1569 portionem.
1280 1481 1367 1550 Sin<1

248 1578 365 1639 autem
395 1595 457 1639 sua
487 1574 603 1639 omnia
632 1573 831 1657 perdiderit,
863 1577 961 1637 cum⁰
989 1572 1153 1638 liberaret
1181 1572 1304 1652 aliena,
1334 1579 1371 1639 et

249 1663 291 1727 de
307 1662 462 1728 liberatis
487 1665 522 1727 et
546 1661 748 1745 deperditis
771 1661 874 1726 rebus
898 1655 1043 1726 similisf
1060 1663 1150 1727 ratio
1168 1663 1369 1739 deducatur,

247 1755 289 1815 ut
326 1754 462 1836 partem
503 1750 645 1815 arbitrio
685 1749 871 1815 iudicantis
911 1751 970 1833 qui
1009 1750 1173 1815 liberabit
1211 1752 1369 1835 accipiat.

248 1839 386 1904 Iustum
414 1842 467 1905 est
497 1839 590 1904 enim
618 1839 656 1902 in
685 1837 789 1902 simili
820 1857 911 1917 casu,
943 1841 984 1902 ut
1013 1838 1074 1903 ille
1104 1860 1175 1909 non
1206 1840 1371 1904 damnum

248 1928 340 1993 solus
373 1928 535 2012 excipiat,
572 1927 632 2011 qui
661 1947 698 1992 se
727 1925 889 2010 gravibus
919 1927 1094 1992 obiceritss
1126 1927 1302 2012 periculis,
1334 1933 1371 1993 et

248 2017 331 2081 dum
355 2016 468 2081 aliena
490 2017 625 2080 minora
648 2018 793 2081 conatur
815 2014 972 2093 liberare,
997 2020 1060 2080 sua
1082 2017 1213 2081 maiora
1231 2036 1371 2101 cognos-

248 2098 364 2170 citur¹¹
390 2096 627 2190 perdedisseh.

657 2272 709 2332 VI.
739 2272 955 2343 ANTIQUAa.

248 2386 306 2452 De
326 2386 454 2451 rebus
474 2406 596 2451 servo
616 2387 845 2450 nesciente
862 2386 1034 2451 domino
1055 2387 1369 2453 conmendatio.

93 2487 239 2584 :affl
356 2490 457 2572 Quod
478 2492 655 2557 nesciente
679 2491 817 2557 domino
841 2511 938 2557 servo
960 2492 1067 2558 fuerit
1091 2493 1369 2571 conmendatnm,

248 2581 278 2645 si
300 2580 336 2644 id
359 2581 510 2665 perierit,
541 2599 604 2644 nec
635 2581 794 2645 dominus
823 2601 888 2646 nec
918 2600 1035 2647 servus
1062 2581 1175 2647 ullum
1204 2582 1370 2647 damnum

248 2669 437 2733 incurrant.
484 2667 552 2734 Sue
568 2668 661 2733 enim
676 2669 826 2753 imputet
842 2669 953 2754 culpe,
978 2670 1037 2754 qni
1060 2690 1157 2736 servo
1180 2670 1294 2737 alieno
1313 2691 1369 2736 rer

248 2777 328 2821 suas
352 2758 632 2822 conmendaverit
659 2758 798 2823 domino
824 2758 1011 2824 nesciente.
1058 2758 1199 2825 sivero
1222 2759 1370 2825 alicuius

248 2846 298 2909 rei
322 2845 450 2910 animal
474 2846 528 2923 sit,
553 2849 589 2910 et
612 2865 673 2930 per
687 2845 847 2914 fraudem
870 2849 1048 2931 pastorum
1064 2848 1275 2913 diminutum
1296 2868 1371 2933 rep·

248 2934 412 3017 periatur,
437 2935 501 3000 hec
516 2934 662 2999 reddere
679 2935 906 3020 conpellatur.
953 2935 1082 3000 similis
1106 2940 1142 3001 et
1165 2936 1208 3001 de
1226 2957 1371 3003 commo-

248 3023 339 3087 datis
372 3023 486 3087 forma
517 3026 681 3100 servetur,
720 3024 749 3088 si
779 3024 902 3089 fraude
933 3027 995 3088 aut
1024 3023 1160 3089 malitia
1189 3029 1371 3090 consumta

249 3114 310 3174 aut
333 3111 500 3196 dissipata
521 3115 723 3177 noscuntur.

647 3281 715 3339 vn.
745 3281 959 3353 Arrianis.

248 3393 292 3458 si
319 3414 471 3460 servus
499 3396 754 3547 mentiaturd
770 3395 988 3547 doininum
1015 3399 1166 3480 petere
1193 3416 1369 3461 commo·

762 3503 814 3548 an
852 3505 883 3548 a.

91 3601 117 3621 ²
218 3597 238 3630 '-
355 3588 392 3652 Si
427 3590 585 3655 dominus
624 3609 685 3673 per
718 3607 854 3655 servum
892 3610 994 3655 suum
1029 3591 1268 3674 quodcumque
1303 3590 1370 3655 sibi

192 3670 198 3683 '
246 3677 387 3761 petierit
403 3677 700 3756 commodandum,
726 3680 761 3743 et
785 3697 903 3743 servus
926 3699 1005 3744 cum
1024 3679 1127 3745 rebus
1144 3679 1369 3745 commodatis

246 3764 284 3827 in
306 3764 393 3846 fuga
414 3765 522 3830 fuerit
546 3765 692 3850 elapsus,
716 3769 802 3831 tunc
827 3766 986 3832 dominus
1009 3767 1193 3851 obligetur,
1217 3771 1259 3831 ut
1282 3787 1369 3832 com·

246 3846 412 3917 modatab
450 3854 624 3918 restituat.
683 3854 720 3918 si
753 3873 834 3919 vero
869 3875 987 3920 servus
1025 3857 1152 3940 petisse
1190 3855 1369 3921 dominum

247 3941 437 4006 mentiatur
467 3945 503 4007 et
532 3943 581 4007 sic
611 3943 710 4026 quasi
738 3943 953 4029 deportanda
981 3945 1025 4009 ad
1054 3945 1230 4009 dominnm
1260 3964 1370 4009 susce

353 4151 380 4194 V.
420 4151 575 4206 maccam.
638 4149 889 4200 munemel.
952 4151 1232 4202 emorrannum.
1299 4147 1370 4200 duta

245 4202 506 4255 armanum.
573 4199 888 4254 emerammi.
953 4204 1115 4255 oslmlllltl.
1184 4203 1369 4270 poblccltlti.

246 4256 402 4352 lumi}
432 4310 587 4360 mamm.

352 4364 403 4407 VII.
444 4364 599 4412 aduam.
653 4361 867 4413 b)commodeRl.
