3000 4934
374 375 453 431 Lux
470 374 585 432 VISIG.
605 374 875 432 RECOESSVIND.
911 377 947 445 V,
968 379 1124 446 7,15-17.
1258 381 1309 434 173

393 553 457 609 XV.
488 551 656 608 PLAVIUS
675 551 989 610 OHINDASVINDUS
1007 553 1095 609 REX.

307 666 367 730 De
391 665 685 730 libertatibus
709 685 929 730 servorum
952 666 1189 730 fiscalium.

296 771 334 836 Si
355 791 409 836 res
433 772 596 855 ambigua
613 791 830 854 nequaquam
846 773 1042 850 occurrerit,
1066 773 1166 837 nulla
1180 774 1308 838 futuris

188 861 401 946 temporibus
431 860 544 943 legem
575 860 706 924 dandi²
732 861 918 924 necessitas
948 861 1143 926 inmineret.
1191 856 1304 943 Quiab

189 970 270 1033 ergo
294 950 357 1014 sub
381 948 553 1013 libertatis
581 948 729 1013 obtentu
755 949 925 1012 fiscalium
952 970 1032 1034 sepe
1062 951 1303 1035 subreptione⁰

189 1059 363 1104 servorum
393 1038 467 1101 fisci
495 1037 584 1101 vires
615 1038 859 1116 adtenuantur,
895 1060 965 1103 non
997 1039 1191 1103 invidemus
1220 1039 1309 1104 bene

189 1127 329 1204 meritis,
361 1126 422 1190 sed
451 1125 629 1189 obviamus
657 1125 898 1190 fraudulenter
924 1127 1083 1205 incautis,
1115 1131 1309 1192 statuentes

189 1215 330 1293 scilicet,
355 1217 396 1278 ut
418 1234 489 1278 non
508 1214 611 1278 aliter
627 1214 788 1298 deinceps
805 1215 943 1279 conlata
958 1235 1055 1280 servo
1070 1216 1143 1280 fisci
1167 1216 1309 1280 libertas

188 1297 411 1368 nullatenus<¹
429 1303 554 1380 valeat,
578 1303 646 1366 nisi
661 1304 754 1386 regie
770 1324 892 1366 manus
907 1303 1016 1368 fuerit
1032 1305 1111 1369 stilo
1128 1306 1308 1389 suscripta.

586 1437 666 1494 xvi
698 1437 911 1508 ANTlQUAa.

238 1533 297 1598 De
327 1533 509 1598 libertis
540 1536 582 1597 et
611 1533 740 1597 rebus
770 1532 998 1597 fiscalium
1028 1555 1259 1599 servorum.

296 1640 408 1705 Servis
431 1640 559 1704 nostris
583 1640 656 1703 sine
679 1639 844 1723 permisso
866 1644 985 1705 nostro
1000 1640 1198 1707 libertatem
1217 1663 1309 1706 man·

190 1721 311 1813 oipiisb
335 1728 425 1793 suis⁰
447 1730 528 1792 dare
551 1748 622 1792 non
646 1728 799 1792 sinimus.
840 1727 941 1809 Quod
964 1729 993 1793 si
1016 1730 1185 1807 dederint,
1210 1730 1309 1796 liber·

187 1819 242 1881 tas
277 1818 360 1881 data
392 1837 464 1881 non
492 1817 624 1895 valeat,
661 1812 743 1881 sed‘l
773 1818 837 1881 hec
871 1820 1133 1883 tantummodoe
1166 1819 1308 1884 libertas

189 1906 317 1970 habeat
339 1906 549 1983 firmitatem,
574 1927 640 1989 que
664 1926 705 1969 ex
719 1909 839 1970 nostra
853 1907 1073 1991 preceptione
1098 1908 1308 1971 conceditur.

189 1994 302 2058 Simili
329 1995 431 2059 modo
459 1995 565 2059 servis
592 1994 718 2059 nostris
746 1995 919 2078 mancipia
948 2014 1010 2057 sua
1038 1998 1100 2057 aut
1126 1997 1236 2059 terras
1265 1997 1309 2058 ad

189 2082 314 2148 liberos
348 2083 505 2147 homines
539 2103 610 2147 non
644 2082 749 2146 liceat
777 2083 970 2146 vinditione
1003 2083 1206 2161 transferre,
1242 2083 1309 2146 nisi

188 2173 430 2236 tantummodo
458 2171 535 2235 aliis
564 2171 668 2236 servis
695 2171 822 2235 nostris
844 2171 1018 2235 vendendi
1040 2171 1194 2235 habeant
1216 2173 1309 2255 pote·

190 2262 326 2323 statem.
372 2257 472 2338 Quod
496 2261 525 2323 si
547 2263 657 2324 terras
681 2259 751 2323 sive
774 2260 946 2343 mancipia
969 2258 1112 2323 ecclesie
1136 2261 1205 2325 sive
1229 2281 1308 2344 pau-

189 2346 329 2432 peribus
352 2349 479 2413 dcnare
493 2348 677 2426 voluerint,
703 2348 843 2412 donatio
867 2349 931 2413 hec
946 2347 1001 2412 vel
1015 2347 1188 2412 volumtas
1210 2348 1309 2411 nulla

189 2436 324 2500 ratione
354 2436 529 2501 subsistat.
575 2436 665 2501 Illut
695 2438 788 2501 enim
817 2437 865 2501 eis
895 2439 1034 2500 tantum
1063 2437 1204 2520 pietatis
1232 2458 1309 2501 con·

188 2524 415 2608 templatione
446 2525 679 2603 concedimus,
710 2529 751 2589 ut
780 2547 841 2610 pro
872 2525 1052 2589 animabus
1085 2526 1155 2589 suis
1185 2526 1308 2591 eclesie

188 2613 243 2678 vel
272 2615 482 2699 pauperibus
513 2616 555 2679 de
586 2614 662 2678 aliis
691 2614 920 2679 facultatibus
950 2614 1153 2697 largiantur.
1204 2614 1251 2677 Et
1280 2614 1309 2677 si

188 2704 304 2786 preter
317 2705 428 2766 terras
447 2702 503 2767 vel
527 2702 699 2787 mancipia
721 2703 811 2766 nihil
834 2702 987 2767 habeant
1009 2702 1199 2780 facultatis,
1223 2705 1308 2766 tunc

189 2791 231 2855 de
258 2791 360 2856 terris
388 2793 500 2875 adque
528 2792 708 2877 mancipiis
736 2792 785 2856 eis
807 2792 981 2856 vendendi
1007 2791 1193 2861 tribuimus
1216 2794 1308 2875 pote·
1369 2829 1372 2834 -

188 2881 329 2957 statem;
361 2880 413 2944 ita
435 2884 485 2957 ut,
515 2881 604 2945 sicut
627 2901 732 2964 supra
754 2881 885 2944 dictum
916 2883 978 2957 est,
1010 2902 1030 2943 a
1053 2880 1158 2944 servis
1181 2880 1308 2943 nostris

187 2969 403 3045 tantumodo,
434 2971 527 3052 quod
557 2989 740 3033 conservus
761 2969 965 3047 vendiderit,
998 2970 1213 3052 conparetur,
1244 2987 1309 3032 nec

188 3055 276 3121 liber
298 3056 392 3121 ullus
415 3058 460 3121 ad
480 3060 696 3122 contractum
719 3057 823 3120 huius
846 3057 1006 3122 emtionis
1030 3057 1193 3141 adspiret.
1231 3055 1308 3120 Pre-

186 3145 275 3208 tium
311 3148 441 3223 autem,
477 3146 571 3229 quod
605 3147 648 3210 de
681 3148 776 3210 terra
803 3144 859 3210 vel
889 3145 1069 3229 mancipiis
1102 3145 1307 3230 acceperint,

188 3252 328 3317 erogare
358 3255 420 3319 pro
451 3233 631 3299 animabus
662 3234 731 3298 suis
762 3233 884 3298 eclesie
913 3233 969 3298 vel
999 3234 1208 3318 pauperibus
1238 3254 1309 3297 non

186 3325 358 3388 vetentur.

263 3457 360 3516 xvn.
390 3457 560 3514 saluus
580 3455 793 3513 onomosus
811 3454 1121 3513 anccnssvnvous
1140 3440 1228 3514 anx.

186 3570 273 3636 Nea
299 3571 483 3637 liberti⁸
507 3571 576 3636 vel
598 3570 832 3657 progenies
856 3590 1000 3634 eorum
1025 3563 1141 3634 cumb
1167 3572 1308 3654 poste-

186 3660 324 3724 ritate
352 3661 530 3745 patroni
557 3663 633 3724 aut
656 3659 865 3742 coniugia
888 3660 1125 3724 conectant
1148 3662 1223 3722 aut
1246 3658 1308 3721 eis

492 3749 764 3814 insolentes⁰
793 3748 999 3812 existant.

295 3853 477 3918 Interdum
492 3855 641 3919 vidimus
664 3875 840 3920 excessum
855 3853 1099 3936 licentiamque
1123 3872 1307 3929 servorum,

190 3939 225 4001 et
249 3934 388 4004 dolore(l
408 3942 518 4006 coacti
541 3963 658 4007 sumus
680 3943 872 4026 ignominia
895 3942 1122 4007 dominorum.
1159 3938 1308 4019 Quidam

189 4142 204 4185 d
295 4093 343 4135 XV.
389 4095 412 4141 ι)
430 4091 512 4134 demm
527 4105 574 4143 pro
591 4092 613 4138 d.
631 4107 653 4139 n.
671 4096 721 4139 Bl.
800 4094 964 4146 1))1111111111.
1045 4095 1244 4146 ammonitione
1262 4095 1308 4138 111.

205 4146 379 4243 ωωῃῗνῗῖ·
401 4202 425 4249 ι)
438 4201 495 4239 decet
508 4199 557 4244 Bt.
635 4201 659 4249 1))
672 4202 785 4253 mancipis
799 4202 848 4246 122.
926 4201 948 4254 c)
962 4201 1017 4255 [suls
1031 4223 1058 4236 -
1071 4199 1309 4256 tan1tummodouncfe

189 4254 392 4298 induamur.
446 4251 589 4305 d)necR1.

295 4307 368 4351 xvn.
406 4310 431 4357 ι)
444 4308 479 4347 De
493 4307 606 4347 libertatis
620 4318 664 4357 pro
682 4307 716 4347 Ne
730 4307 744 4349 1.
757 4307 805 4350 111.
884 4308 907 4357 b)
925 4309 950 4349 tn
966 4312 1080 4358 potestate
1093 4319 1138 4358 pro
1155 4318 1206 4348 cum
1220 4318 1242 4356 p,
1255 4306 1308 4358 Blt

189 4361 372 4404 condamm.
426 4359 648 4410 c)lnsulenter31.
702 4357 725 4409 11)
739 4362 771 4400 tta
784 4359 1052 4414 Rl.El;dolereBt.
