3000 4934
185 366 222 418 42
417 356 496 413 LEX
514 355 630 415 VISIG.
648 355 918 415 REOCESSVIND.
955 357 1034 429 11,1,
1052 361 1079 416 6.

187 545 257 609 sive
280 541 562 626 subsequentium
585 560 708 624 regum
730 541 912 606 intendere
934 539 991 605 vel
1018 541 1211 607 intendisse
1242 565 1320 627 pro·

188 633 281 696 ditus
308 632 447 697 ridetur
476 649 548 696 esse
570 628 627 695 vel
649 629 773 694 fuerit:
805 630 929 692 horum
958 630 1114 694 omnium
1143 631 1320 696 scelerum

186 721 242 786 vel
264 721 368 784 unius
392 740 433 785 ex
456 720 510 784 his
533 720 677 803 quisque
700 738 779 783 reus
808 717 971 783 inventus
993 717 1123 784 fueritr
1149 720 1318 784 inretrac-

186 809 331 875 tabilem
346 809 556 874 sententiam
571 807 692 871 mortis
708 806 866 891 excipiat,
890 826 955 871 nec
977 807 1053 872 ulla
1076 808 1108 872 ei
1132 809 1175 873 de
1197 813 1317 874 cetero

187 900 233 963 sit
248 898 386 963 vivendi
402 896 546 962 libertas
561 895 710 959 indulta.
751 894 852 974 Quod
875 896 904 960 si
926 896 1075 962 fortasse
1098 897 1242 981 pietatis
1265 899 1316 962 in·

185 988 281 1051 tuitu
304 1008 324 1051 a
346 985 502 1070 principe
516 984 625 1049 fuerit
648 984 702 1048 illi
717 984 791 1048 rita
807 1003 977 1063 concessa,
1001 1006 1073 1049 non
1090 985 1192 1051 aliter
1207 1007 1313 1070 quam

187 1075 319 1141 effossis
343 1074 452 1139 oculis
475 1074 693 1158 relinquatur
716 1073 901 1151 advitam,
932 1077 1103 1157 quatenus
1133 1095 1197 1139 nee
1227 1077 1316 1140 exci-

187 1165 283 1228 dium
309 1164 437 1241 rideat,
467 1167 555 1247 quo⁸
583 1161 701 1227 fuerat
729 1163 890 1246 nequiter
919 1162 1125 1241 delectatus,
1156 1168 1192 1228 et
1223 1185 1315 1229 ama·

186 1253 356 1317 rissimam
371 1253 479 1317 vitam
503 1253 627 1317 ducere
651 1256 708 1317 ser
727 1252 926 1336 perenniter
942 1251 1070 1317 doleat.
1104 1253 1172 1318 Res
1192 1256 1315 1318 tamen

187 1362 304 1407 omnes
324 1341 380 1407 vel
404 1342 486 1420 eius,
511 1341 571 1425 qui
586 1336 716 1405 mortet
738 1344 792 1406 est
814 1360 876 1425 pro
899 1340 964 1405 tali
986 1340 1129 1406 iscelere
1144 1341 1315 1425 perimen-
1339 1364 1361 1402 o.

187 1432 261 1508 dus,
285 1431 341 1496 vel
370 1432 482 1508 huius,
513 1431 572 1513 qui
595 1431 666 1494 rite
694 1433 835 1514 propter
860 1449 957 1493 suam
979 1430 1173 1513 nequitiam
1199 1431 1314 1497 infeli·

187 1520 322 1584 cissime
344 1519 585 1595 reservabitur,
608 1519 646 1581 in
668 1519 760 1601 regis
784 1519 828 1582 ad
850 1519 1026 1601 integrum
1048 1522 1223 1602 potestate
1239 1526 1314 1604 pe'r·

187 1608 322 1685 sistant,
352 1611 388 1672 et
416 1608 471 1670 cui
502 1608 628 1671 donate
651 1605 784 1671 fuerint
807 1607 859 1671 ita
881 1608 1052 1692 perpetim
1075 1628 1215 1673 securus
1238 1629 1314 1693 pos·

187 1696 309 1773 sideat,
340 1700 381 1759 ut
410 1694 529 1759 nullus
557 1716 721 1777 umquam
745 1697 1005 1761 succedentium
1027 1716 1149 1780 regum
1173 1717 1314 1762 causam

187 1804 285 1848 suam
308 1788 344 1849 et
367 1784 481 1868 gentis
504 1784 712 1849 vitiaturusu
738 1785 802 1848 has
824 1784 1001 1849 ullatenus
1032 1786 1169 1851 auferre
1198 1806 1314 1870 presu-

186 1877 270 1937 mat.
316 1873 447 1938 Verum
482 1873 563 1957 quia
592 1872 695 1937 multi
725 1873 928 1957 plerumque
962 1875 1214 1959 repperiuntur,
1252 1877 1313 1959 qui

187 1963 271 2026 dum
300 1963 355 2028 his
385 1966 421 2028 et
450 1962 580 2027 talibus
609 1962 744 2045 pravisv
770 1963 1057 2028 meditationibus
1087 1968 1312 2047 occupantur,

187 2056 419 2135 argumentoW
442 2052 592 2136 quodam
614 2050 734 2115 fallaci
757 2052 795 2114 in
815 2052 968 2117 ecelesiis
992 2056 1054 2117 aut
1076 2053 1240 2117 uxoribus
1255 2054 1314 2119 vel

187 2141 267 2206 filiis
298 2144 410 2225 adque
441 2141 559 2205 amicis
589 2161 650 2205 seu
679 2141 717 2203 in
744 2140 821 2205 aliis
854 2141 1127 2225 quibuscumque
1156 2143 1313 2226 personis

187 2250 265 2295 suas
281 2231 504 2297 inveniantur
518 2231 753 2294 transduxisse
773 2229 829 2294 vel
847 2232 1094 2297 transducere¹
1112 2230 1312 2309 facultates,

188 2320 293 2382 etiam
317 2321 459 2403 etipsa,
491 2338 557 2400 que
579 2319 823 2384 fraudulenter
852 2319 889 2382 in
919 2320 1071 2383 dominio
1098 2320 1211 2385 alieno
1236 2341 1313 2385 con·

186 2407 381 2484 tulerantl,
410 2407 485 2471 iure
508 2407 662 2490 precario
686 2412 904 2491 reposcentes
927 2408 991 2472 sub
1016 2408 1219 2474 calliditatis
1244 2414 1314 2474 stu·

188 2496 245 2559 dio
272 2496 310 2558 in
339 2515 401 2560 suo
432 2496 545 2560 denuo
576 2496 728 2561 dominio
751 2497 978 2581 possidenda²
1005 2499 1185 2583 recipiant,
1216 2499 1312 2564 unde

187 2583 277 2647 nihil
300 2585 343 2650 dc
367 2584 437 2649 suis
460 2585 562 2649 rebus
586 2584 756 2650 visisunt
779 2587 966 2664 admisisse,
998 2587 1065 2651 nisi
1093 2587 1206 2652 solum
1235 2608 1312 2651 con·

188 2673 390 2739 cinnaeione
419 2673 606 2738 falsissima
636 2674 760 2739 fictas²
793 2676 891 2759 quasi
920 2677 1097 2741 veredicas
1126 2677 1313 2742 videantur

188 2755 396 2846 scripturasb
426 2763 609 2841 conficere;
640 2764 787 2846 ideoque
817 2765 908 2828 hanc
937 2767 1182 2849 nequissimam
1213 2787 1312 2850 argu·

187 2852 455 2917 mentationeme
476 2854 645 2937 presentis
668 2853 756 2936 legis
780 2854 918 2918 decreto
935 2860 1115 2938 amputare
1132 2856 1311 2938 elegimus,

186 2944 227 3004 ut
258 2936 422 3006 calcatisd
451 2942 507 3007 vel
538 2937 734 3007 evacuatisd
765 2946 846 3008 seu⁰
880 2944 1031 3008 rescissis
1061 2945 1240 3030 scripturis
1270 2966 1312 3010 ac

186 3029 310 3095 fraude
334 3030 511 3109 confectis,
536 3031 705 3115 quidquid
726 3025 788 3094 eof
807 3032 950 3116 quisque
965 3036 1121 3118 tempore
1137 3034 1312 3118 possidere

186 3121 411 3204 repperiatur,
435 3141 503 3204 quo
526 3120 634 3187 fuerit
658 3121 695 3183 in
718 3121 881 3205 predictis
906 3122 1107 3187 criminibus
1123 3124 1313 3208 deprehen-

187 3229 253 3286 sus,
277 3212 393 3273 totum
409 3210 574 3274 continuo
598 3210 671 3274 fisci
691 3210 821 3275 viribus
846 3211 891 3275 ad
913 3212 1089 3295 integrum
1105 3212 1310 3295 adplicetur,

186 3302 227 3361 ut
243 3301 430 3365 concedere
446 3300 515 3364 iam
531 3300 642 3364 dictas
657 3299 854 3377 facultates,
880 3301 970 3364 sicut
993 3300 1230 3383 supradictum
1247 3306 1311 3379 est,

187 3388 243 3451 cui
270 3408 331 3453 rex
357 3389 507 3454 voluerit
529 3389 586 3454 vel
608 3388 723 3453 facere
747 3389 869 3452 exinde
900 3388 1068 3470 quidquid
1098 3386 1242 3466 elegerit
1272 3389 1311 3450 in

187 3497 247 3542 sue
270 3478 453 3562 potestatis
477 3479 644 3541 consistat
667 3476 826 3552 arbitrio;
852 3475 921 3538 alia
935 3494 1016 3539 vero
1032 3491 1244 3554 quecumque
1264 3473 1309 3538 ab

186 3567 252 3630 hac
281 3566 405 3630 fraude
429 3564 566 3629 alienall
597 3565 740 3628 inventa
767 3562 946 3628 extiterint
973 3561 1133 3625 ordinata
1162 3559 1310 3643 legibus-

186 3673 252 3735 que
278 3645 470 3728 confeetah,
494 3645 634 3735 rigoreh
661 3652 777 3733 legum
799 3654 965 3714 maneant
988 3649 1145 3727 solidata,
1170 3648 1240 3714 illis
1265 3652 1309 3716 ab

186 3741 289 3804 huius
312 3739 399 3822 legis
423 3741 598 3805 sententia
620 3739 774 3824 personis
799 3738 976 3804 evidenter
998 3739 1159 3823 exceptis,
1184 3740 1309 3822 quibus

186 3850 207 3893 a
222 3828 487 3913 precedentibus
502 3821 659 3912 regibusi
683 3829 786 3914 culpa
804 3828 996 3893 dinoscitur
1013 3828 1120 3892 fuisse
1138 3849 1308 3894 concessa.

186 3918 219 3981 N
221 3938 277 3982 am
292 3919 321 3981 si
337 3918 565 3982 humanitatis
581 3918 714 4002 aliquid
726 3919 932 4003 quicumque
948 3919 1078 4002 perfido
1093 3937 1154 3982 rex
1165 3913 1306 4002 largirik

293 4091 446 4138 udaeam.
506 4093 526 4140 a)
555 4090 664 4134 uodRI.
726 4094 743 4141 t)
757 4091 887 4134 morthl.
948 4094 972 4140 u)
986 4093 1094 4134 vittarum
1108 4092 1157 4141 ΕΣ),
1177 4092 1214 4130 ubl
1228 4091 1309 4130 has-

186 4145 239 4193 quia
255 4144 337 4188 daune.
377 4146 401 4194 v)
414 4144 492 4194 pravis
506 4156 542 4186 me
579 4147 622 4189 dea.
636 4146 685 4189 Ra.
726 4147 756 4193 w)
770 4148 927 4194 argumentum
942 4147 991 4189 Rl.
1031 4148 1055 4194 x)
1070 4142 1156 4187 transd.
1170 4167 1196 4174 -
1210 4143 1310 4184 domlulo

186 4199 228 4241 dec.
242 4198 291 4240 Ra.
335 4200 359 4249 y)
373 4198 501 4239 contulerat
515 4200 564 4242 Rl.
611 4201 632 4247 z)
645 4196 783 4249 possidendo
797 4200 846 4241 Rl.
893 4200 916 4246 a)
930 4198 1002 4240 factas
1016 4202 1065 4244 121.
1113 4199 1136 4247 b)
1150 4199 1246 4248 scriptas
1260 4199 1309 4241 ΕΙ.

186 4254 207 4300 c)
220 4252 416 4301 argumentatione
430 4253 479 4294 Rl.
554 4250 577 4301 d)
592 4253 693 4294 calciatis
707 4253 745 4292 vel
758 4253 861 4293 vacuatis
875 4253 924 4295 Rl.
993 4252 1310 4302 (incommunicatum.

185 4306 245 4352 flor
261 4315 287 4345 eo
302 4306 350 4348 Μ.
408 4307 431 4355 g)
445 4305 543 4346 alienam
557 4307 652 4347 inventa
667 4306 769 4348 extiterit
782 4308 831 4350 121.
892 4305 916 4355 h)
930 4306 992 4346 lacta
1006 4309 1106 4357 vigorem
1121 4307 1170 4349 Rl.
1225 4307 1241 4354 i)
1255 4305 1310 4354 legl-

186 4359 227 4399 bus
241 4359 290 4403 121.
344 4359 465 4409 k)1arglre
479 4360 528 4404 Ra.
