3000 4934
318 369 396 423 LEX
414 368 531 427 VISIG.
548 367 819 424 REOOESSVIND.
856 367 939 437 VIH,
958 371 983 436 3,
997 371 1111 426 10-13.
1227 372 1280 424 239

159 553 311 637 singulos
335 552 508 638 tremisses
532 552 573 628 ci,
599 552 656 616 oui
679 551 843 615 damnum
866 551 999 614 factum
1024 552 1085 626 est,
1111 549 1280 633 conpella-

157 646 217 705 tur
239 641 405 706 exolvere.
453 640 555 705 Certe
580 640 609 703 si
632 640 775 704 inferior
799 641 852 703 est
874 633 1042 702 fortasse(l
1065 658 1220 721 persona,
1246 641 1281 701 et

159 731 323 794 damnum
353 750 394 793 cx
421 730 558 812 integro
582 729 707 793 reddat
734 730 770 792 et
799 727 1070 811 conpositionem
1094 746 1135 790 ex
1158 727 1281 791 medie·

158 822 232 883 tate
262 819 425 883 restituat
453 818 565 900 adque
588 821 661 883 ΧΗ
689 816 829 900 flagella
852 815 990 900 publice
1015 818 1174 879 extensus
1198 815 1282 879 acci-

159 908 243 991 piat.
291 907 328 970 Si
350 926 432 970 vero
456 926 573 970 servus
601 907 667 969 hoo
696 905 769 969 sine
796 897 967 968 iussionef
995 903 1125 967 domini
1148 904 1280 979 fecerit,

159 1016 259 1059 omne
276 996 440 1058 damnum
464 997 525 1057 aut
548 996 621 1078 ipsc
645 996 707 1057 aut
725 993 799 1057 eius
821 993 980 1056 dominus
995 993 1128 1068 reddat,
1154 992 1282 1076 etipse

160 1105 275 1148 servus
299 1094 352 1148 Lx
374 1083 514 1166 flagella
537 1083 713 1166 suscipiat.

569 1234 622 1292 ru.
652 1232 867 1303 nunquan.

204 1330 248 1393 Si
276 1329 477 1412 quelibet
505 1329 715 1392 animalia
738 1328 782 1391 in
805 1321 1055 1392 fructibusb
1084 1328 1237 1390 damna

568 1417 868 1481 concutiant0.

267 1523 304 1587 Si
338 1523 523 1588 cuiuslibet
557 1523 821 1605 qualiacumque
859 1522 1023 1586 animalia
1056 1522 1192 1586 vineam
1225 1522 1281 1586 vel

159 1632 302 1676 messem
319 1612 506 1676 everterint
522 1607 705 1689 alienaml,
729 1611 799 1688 ille,
824 1612 921 1675 cuius
938 1610 1102 1675 animalia
1118 1611 1282 1674 damnum

158 1700 350 1778 intulerint,
375 1703 515 1764 tantum
529 1701 628 1765 vince
644 1700 700 1765 vel
716 1701 791 1784 agri
807 1720 885 1764 cum
900 1700 1062 1783 frugibus
1078 1700 1151 1764 eius
1167 1700 1282 1764 meriti

159 1790 297 1853 domino
326 1790 368 1853 de
397 1809 459 1853 suo
486 1790 668 1854 restituere
691 1810 762 1853 non
786 1792 947 1866 moretur,
980 1791 1148 1871 quantum
1176 1791 1282 1852 exter-

159 1878 327 1941 minatum
357 1897 430 1942 csse
459 1878 692 1961 cognoscitur3
723 1878 775 1941 ita
797 1881 837 1940 ut
861 1877 1016 1941 collectis
1039 1877 1198 1960 frugibus
1221 1876 1281 1940 ille

158 1967 313 2050 recipiat,
338 1967 398 2048 qui
414 1966 548 2030 dedisse
563 1967 711 2030 videtur.
759 1966 857 2028 Etsi
880 1986 950 2028 non
974 1965 1136 2029 habuerit
1160 1985 1281 2047 agrum

160 2058 221 2117 aut
243 2056 380 2118 vineam
402 2055 495 2118 unde
519 2057 701 2138 conponat,
725 2056 864 2116 tantum
886 2053 998 2135 frugis
1020 2052 1154 2128 reddat,
1179 2072 1282 2135 quan-

159 2145 236 2204 tum
258 2144 295 2204 in
319 2142 434 2224 equali
457 2145 555 2225 parte
579 2143 655 2225 agri
677 2141 732 2204 vel
754 2142 853 2205 vinee
877 2140 985 2204 fuerit
1009 2141 1218 2204 estimatum.

564 2293 632 2351 ΧΠ.
663 2292 876 2363 ANTIQUAa.

161 2388 204 2452 Si
227 2391 400 2471 pratum
425 2389 652 2453 defensum
675 2410 697 2453 a
719 2389 951 2472 pecoribus
976 2388 1280 2472 naufragetur.

268 2493 335 2573 Qui
358 2494 395 2557 in
417 2498 557 2578 pratum
580 2515 621 2560 eo
643 2498 808 2579 tempore,
833 2515 900 2578 quo
923 2495 1132 2571 defenditur,
1157 2514 1281 2578 pecora

159 2584 300 2660 miserit,
330 2587 371 2646 ut
398 2583 618 2668 postmodum
648 2585 692 2648 ad
716 2585 902 2648 secandum
932 2605 1002 2647 non
1032 2583 1141 2668 possit
1171 2577 1276 2648 erbab

159 2692 387 2736 succrescere:
420 2673 449 2735 si
478 2693 596 2737 servus
619 2676 671 2737 est
701 2673 761 2756 qui
783 2674 849 2737 hoc
872 2673 1029 2750 feceritt,
1061 2683 1113 2738 XL
1136 2667 1278 2736 hictus(l

160 2761 308 2844 accipiat
331 2760 556 2845 flagellorum,
582 2765 618 2826 et
640 2762 761 2826 fanum
784 2762 950 2826 reddatur
973 2765 1012 2824 a⁰
1035 2758 1173 2825 domino
1197 2761 1279 2837 cius,

159 2853 328 2931 quantum
343 2850 451 2914 fuerit
467 2850 682 2926 estimatum
707 2850 736 2912 si
759 2849 847 2913 liber
870 2853 906 2914 et
928 2849 1102 2913 inferioris
1126 2849 1194 2912 loci
1209 2869 1282 2932 per·

160 2957 244 3001 sona
274 2938 357 3013 sit2,
390 2957 450 3020 per
479 2937 547 3000 duo
578 2938 694 3021 capita
722 2938 914 3001 tremissem
939 2930 1031 2999 unof
1057 2937 1191 3013 reddat,
1217 2940 1279 3001 etg

159 3025 280 3088 fenum
305 3025 556 3088 nihilhominus
582 3026 681 3088 iuxta
703 3018 942 3089 estimationeh
969 3025 1010 3102 ci,
1035 3026 1095 3108 qui
1118 3026 1281 3088 damnum

160 3112 315 3196 pertulit,
346 3113 561 3189 redditurus;
594 3114 623 3177 si
646 3113 754 3176 maior
775 3134 857 3177 vero
880 3133 1025 3197 persona
1048 3114 1103 3190 sit,
1128 3133 1189 3197 per
1213 3114 1282 3177 duo

161 3201 277 3284 capita
306 3222 414 3263 unum
444 3199 593 3265 solidum
622 3201 747 3266 reddat
776 3204 812 3266 et
841 3202 962 3266 fenum
994 3201 1116 3266 habita
1148 3202 1281 3266 estima-

159 3289 255 3353 tione
278 3289 450 3354 restituat.

556 3371 640 3429 XIH.
671 3371 884 3442 ANTIQUAa

162 3465 205 3530 Si
239 3465 483 3531 fructifera
517 3465 614 3531 loca
650 3467 700 3532 ab
736 3467 1004 3532 animalibus
1043 3467 1282 3531 extiterint

603 3555 832 3640 dissipata.

268 3659 327 3725 Si¹
362 3661 437 3744 quis
473 3661 645 3726 caballum
680 3667 742 3726 aut
776 3682 881 3747 pecus
915 3662 1067 3727 alienum
1102 3662 1139 3725 in
1170 3661 1280 3740 vinea,

161 3769 278 3826 messe,
308 3752 408 3834 prato
431 3750 487 3815 vel
511 3753 586 3814 orto
609 3751 789 3828 invenerit,
815 3772 886 3815 non
909 3751 1061 3835 expellat
1084 3751 1202 3828 iratus,
1226 3771 1280 3828 ne,

268 3902 538 3954 antunnacum.
592 3907 659 3953 a)r‘ta
673 3906 822 3957 cumr.
875 3906 1028 3955 oluasolll.

161 4007 184 4057 d)
198 3957 325 4049 “wuith
351 3960 373 4006 a)
386 3958 443 3997 aaut
458 3958 507 4002 Bt.
574 3959 597 4007 b)
611 3960 712 4009 fruglbus
727 3959 776 4002 Bt.
843 3962 863 4008 c)
877 3960 1019 4000 concurrant
1032 3960 1083 4010 Bl;
1106 3959 1221 3998 concutlat
1234 3958 1283 4001 Bt.

268 4041 368 4112 XIL'a)
381 4064 438 4102 dam
452 4063 500 4106 Bt.
541 4064 564 4112 b)
579 4064 649 4104 barba
663 4065 711 4108 Bt.
753 4066 902 4114 c)fecltB1.
944 4065 968 4118 d)
982 4066 1114 4108 blctoth.
1155 4068 1176 4113 a)
1190 4063 1220 4104 ad
1234 4064 1282 4107 Bt.

160 4116 179 4164 s)
193 4126 262 4155 unum
276 4116 324 4157 Bt.
379 4119 401 4166 ς)
415 4117 472 4156 dem
486 4117 533 4160 Bl.
587 4117 612 4169 h)
625 4119 791 4159 aetimatlonam
804 4119 851 4162 Bt.

268 4169 331 4211 xm.
371 4171 394 4218 a)
407 4170 464 4209 dent
478 4170 527 4213 Bt.

161 4274 357 4399 ldmifrlffi
373 4281 513 4343 aequm,
537 4281 677 4345 praem
702 4276 735 4332 L.
761 4277 818 4331 aaz.
844 4279 870 4343 9,
892 4279 977 4340 1-3,·
1008 4277 1040 4330 11.
1066 4276 1151 4343 Bury.
1178 4277 1222 4343 23,
1249 4278 1283 4339 2,-
