3000 4934
245 398 298 451 aar
417 393 494 448 nux
512 393 628 450 visre.
647 390 916 449 aueonssvmn.
952 391 1054 461 vnn,
1072 395 1097 462 1,
1115 397 1194 449 2-4.

246 577 422 660 proprium
447 576 622 640 dominum
646 578 849 640 revertatur.
898 568 980 638 Sint
1007 579 1124 639 autem
1151 576 1291 640 conscio
1318 577 1382 641 do-

246 666 340 729 mino
363 666 399 729 id
422 665 554 741 fecerit,
578 665 652 748 ipse
676 664 835 726 dominus
856 666 1038 747 conponat,
1063 664 1153 727 sicut
1176 667 1229 728 est
1256 666 1300 728 de
1327 666 1382 728 in-

247 755 367 835 genuis
391 754 547 838 superius
572 753 809 816 constitutum.

654 904 709 961 111.
740 903 953 973 annesae.

246 1017 371 1079 infra
401 1017 513 1099 quod
542 1020 712 1100 tempus
743 1017 1006 1100 mancipium
1042 1015 1186 1081 latens
1221 1017 1379 1082 inven-

433 1108 523 1167 tum
554 1105 694 1168 iudici
725 1105 885 1168 debeat
916 1105 1175 1189 presentari.

354 1211 389 1274 Si
421 1210 606 1276 cuiuslibet
636 1231 752 1275 servus
783 1211 827 1274 ad
858 1211 1007 1294 aliquem
1035 1211 1148 1276 latens
1176 1212 1376 1290 advenerit,

246 1300 364 1362 statim
394 1321 473 1364 eum
503 1303 700 1383 presentare
730 1292 861 1362 iudicib
889 1321 960 1364 non
988 1300 1127 1363 differat
1138 1299 1157 1360 ¹.
1206 1299 1312 1378 Quod
1346 1303 1377 1365 si

246 1408 324 1451 eum
354 1409 424 1452 non
454 1389 717 1472 presentaverit,
754 1392 788 1451 et
817 1408 926 1471 usque
961 1389 1006 1451 ad
1036 1388 1195 1452 octabam
1228 1392 1375 1454 noctem

246 1479 331 1559 aput
355 1498 433 1540 eum
456 1480 609 1540 moratus
632 1477 739 1540 fuerit
770 1479 831 1539 aut
859 1477 888 1539 si
912 1477 955 1539 ad
979 1477 1240 1560 longinquiora0
1267 1476 1369 1542 loea⁰

245 1565 432 1641 transierit,
464 1566 549 1628 duos
580 1565 733 1629 eiusdem
764 1565 879 1629 meriti
909 1585 1022 1629 servos
1054 1565 1191 1629 domino
1222 1570 1374 1649 cogatur

246 1653 410 1717 exolvere.
447 1653 537 1716 Nam
558 1654 587 1716 si
608 1656 788 1736 aputeum
804 1654 1024 1737 mancipium,
1050 1654 1141 1736 quod
1157 1660 1371 1738 susceperat,

245 1740 461 1804 subcelatum
484 1741 668 1818 invenitur,
694 1742 839 1805 alterum
866 1763 944 1805 cum
968 1763 1008 1806 eo
1033 1743 1114 1806 dare
1139 1743 1278 1806 domino
1297 1765 1373 1807 non

244 1834 412 1905 moretur;
452 1830 533 1912 quia
567 1830 660 1892 intra
694 1831 785 1894 diem
819 1830 954 1913 legibus
989 1831 1217 1894 constitutum
1252 1831 1372 1895 noluit

245 1919 441 1983 contestari.

647 2000 717 2057 1111.
748 2000 961 2071 Anrrouaa.

246 2113 289 2176 Si
318 2115 520 2178 nesciens
551 2115 646 2196 quis
676 2114 919 2197 fugitivum
947 2114 1196 2197 susceperit
1223 2115 1370 2179 huma-

573 2196 786 2266 nitatemb
815 2222 1031 2266 concessa.

352 2308 388 2372 si
404 2309 480 2390 quis
496 2309 652 2373 nesciens
674 2308 861 2390 fugitivum
883 2308 1072 2391 susceperit
1096 2310 1131 2371 et
1155 2308 1187 2372 ei
1209 2309 1369 2374 humani·

243 2399 353 2459 tatem
383 2397 527 2474 dederit,
558 2400 593 2460 et
615 2418 684 2459 non
709 2396 856 2480 amplius
879 2396 1008 2460 ibidem
1031 2397 1139 2461 fuerit
1169 2417 1272 2479 quam
1296 2420 1370 2463 una
1443 2464 1449 2469 ,

245 2484 300 2566 die
311 2484 367 2547 vel
379 2487 481 2548 nocte
493 2485 693 2561 inmoratus,
712 2485 850 2549 domino
862 2485 1053 2567 requirenti
1063 2485 1252 2568 fugitivum
1264 2507 1369 2550 suum

244 2573 386 2655 prebeat
409 2577 670 2650 sacramentum,
696 2594 731 2637 se
754 2574 911 2650 nescisse,
937 2574 1029 2656 quod
1052 2575 1224 2657 fugeret⁰;
1250 2577 1314 2638 aut
1339 2577 1369 2639 si

245 2664 336 2725 certe
360 2662 513 2745 potuerit
536 2662 736 2746 adprobare,
766 2663 857 2745 quod
885 2662 1072 2746 fugitivum
1096 2683 1166 2725 non
1190 2662 1367 2741 celaverit,

244 2748 287 2812 ab
318 2750 411 2813 omni
442 2750 615 2814 calumnia
644 2751 733 2815 liber
763 2751 936 2815 abscedat.
984 2750 1021 2814 si
1050 2770 1130 2815 vero
1160 2746 1230 2814 ibi‘l
1258 2751 1368 2816 biduo

243 2841 305 2900 aut
333 2839 450 2902 triduo
481 2842 543 2902 aut
572 2840 759 2922 quatriduo
789 2860 851 2923 pro
878 2840 1079 2923 reparandis
1109 2839 1281 2903 sumtibus
1309 2842 1369 2906 vel

243 2927 488 3010 cuiuscumque
531 2928 720 2992 occasionis
763 2932 924 2992 causam⁰
972 2928 1204 3012 pretendens⁰
1252 2949 1369 2994 moras

243 3009 388 3080 afferref
414 3016 576 3094 voluerit,
607 3019 795 3081 conventus
820 3038 841 3080 a
864 3017 1012 3094 domino,
1041 3016 1102 3079 ubi
1130 3019 1250 3100 postea
1272 3039 1369 3081 man·

243 3105 325 3167 serit
348 3104 403 3168 vel
427 3126 448 3168 a
471 3126 538 3188 quo
558 3106 810 3170 humanitatem
826 3105 995 3188 fugitivus
1012 3105 1194 3188 acceperit,
1219 3110 1369 3188 cogatur

242 3193 438 3271 ostendere;
472 3197 507 3258 et
537 3194 629 3257 infra
657 3215 716 3258 sex
745 3215 878 3258 menses
902 3196 963 3256 aut
986 3194 1141 3258 inveniat
1164 3194 1367 3277 fugitivum,

242 3284 303 3343 aut
326 3301 393 3358 eos,
419 3286 505 3366 aput
527 3304 612 3365 quos
633 3286 753 3366 postea
768 3283 884 3359 fuerit,
910 3283 1080 3346 ostendat.
1117 3281 1218 3361 Quod
1241 3283 1271 3345 si
1293 3304 1369 3347 non

242 3371 395 3452 potuerit
418 3372 581 3449 invenire,
607 3372 849 3436 conscientiam
875 3392 972 3435 suam
995 3391 1037 3435 ex
1060 3371 1125 3435 hoc
1149 3375 1368 3436 sacramento

241 3479 388 3542 purgare
412 3460 562 3524 debebit.
600 3460 646 3523 Et
670 3462 755 3544 aput
778 3481 880 3542 quem
902 3459 1085 3524 novissime
1101 3460 1205 3536 venit,
1231 3462 1292 3523 aut
1317 3482 1368 3526 re-

241 3550 417 3630 presentet
456 3549 516 3631 qui
550 3549 643 3632 fugit
678 3551 739 3612 aut
774 3549 865 3632 paris
900 3548 1016 3612 meriti
1052 3568 1188 3612 servum
1223 3549 1368 3614 domino

240 3635 374 3698 reddat.
433 3636 478 3699 Et
514 3637 542 3700 si
577 3657 695 3701 servus
734 3639 853 3720 postea
891 3637 1000 3701 fuerit
1034 3636 1209 3714 inventus,
1250 3636 1366 3716 illurn,

242 3742 343 3804 quem
366 3744 428 3806 pro
452 3725 573 3788 eodem
597 3725 749 3801 dederat,
778 3725 923 3809 recipiat
947 3728 982 3789 et
1006 3725 1049 3789 ab
1073 3725 1166 3788 omni
1190 3724 1368 3791 calumnia

242 3830 380 3874 securus
404 3812 577 3876 abscedat.

347 3983 404 4079 llll¹
419 3984 523 4085 Iil'dcest
536 4038 585 4080 122.
639 4037 662 4088 b)
676 4038 700 4077 in
714 4036 798 4078 iudicio
813 4039 862 4081 132.
916 4041 936 4087 c)
950 4038 1132 4088 longinquorum
1147 4039 1245 4078 locorum
1260 4038 1307 4081 Bl.

347 4091 401 4133 1111.
442 4093 464 4139 a)
478 4091 534 4130 deest
548 4092 597 4133 Rr.
658 4092 900 4140 1))111111111111110112.
961 4094 982 4141 o)
996 4093 1080 4141 meires
1093 4093 1142 4134 Ra
1208 4089 1231 4139 (1)
1245 4091 1303 4130 deest
1317 4093 1366 4137 131.

241 4145 262 4191 e)
276 4153 360 4183 eausa
375 4145 539 4193 preteriens
553 4145 602 4188 Ra
616 4145 641 4187 Ε.
695 4146 714 4193 f)
728 4145 818 4185 auferre
832 4146 880 4188 122.

242 4286 267 4351 1)
285 4285 326 4350 Of.
346 4287 379 4340 L.
398 4287 484 4354 Bury.
508 4288 552 4353 39,
574 4290 597 4342 1.
616 4289 650 4349 2,·
677 4287 711 4342 L.
730 4288 806 4342 Rom,
825 4288 912 4353 Bury.
932 4289 957 4353 6,
977 4289 1002 4343 l.
1021 4280 1136 4350 2,·'Ed.
1159 4286 1284 4342 lbeoder.
1310 4289 1366 4350 80.-

240 4358 394 4421 infracti.
413 4361 439 4420 8.
458 4366 481 4411 ct
501 4359 566 4413 Coll.
585 4361 657 4411 iuris
675 4359 750 4413 Rom.
768 4359 852 4424 Viciq.
873 4359 960 4411 Gara.
980 4375 1000 4412 c.
1016 4360 1058 4426 19,
1078 4359 1159 4422 infra
1173 4375 1202 4426 p.
1220 4359 1282 4413 320.
