3000 4934
331 375 409 430 LEX
427 373 542 432 VISIG.
561 370 831 428 anocnssVIND.
867 369 934 440 VII,
953 374 979 439 5,
998 375 1029 438 83
1049 374 1073 427 6.
1211 375 1265 427 223

142 580 287 643 cumque
316 559 460 635 dederit,
490 579 556 641 que
581 560 698 622 tamen
721 554 962 640 repperiantur
985 555 1265 637 quandoquidem

143 653 204 714 aut
226 670 296 713 non
313 648 386 712 eius
409 648 494 711 iuris
517 646 635 722 fuisse,
660 645 718 727 qui
736 645 841 721 dedit,
867 647 928 707 aut
951 644 996 720 111,
1022 645 1114 727 quod
1131 644 1265 709 dedisse

141 739 288 815 videtur,
325 756 386 820 per
416 737 564 819 priorem
597 734 803 818 scripturam
838 735 900 796 aut
930 753 1180 816 quamcumque
1212 733 1265 798 de·

142 827 332 890 finitionem
356 826 392 888 in
409 826 655 906 cuiuscumque
675 823 769 906 prius
785 822 924 886 nomine
948 821 1117 905 obligasse
1142 824 1178 886 et
1201 822 1264 886 snb

141 916 290 998 quodam
321 917 525 998 argumento
553 914 590 976 id
614 912 833 996 postmodum
864 910 966 975 alteri
997 911 1141 986 dedisse,
1173 911 1265 993 quod

142 1007 203 1067 aut
226 1025 326 1067 suum
348 1024 419 1067 non
443 1005 527 1079 erat,
557 1004 619 1065 aut
646 1001 716 1064 iam
744 1000 839 1083 prius
868 999 970 1064 alteri
1001 1000 1152 1075 dederat,
1183 1000 1266 1062 dum

141 1093 274 1156 fraudis
303 1093 405 1156 huius
435 1094 656 1155 conmentum
684 1089 868 1152 manifeste
892 1089 1060 1172 patuerit:
1092 1088 1165 1172 ipse
1195 1089 1265 1170 qui·

143 1182 234 1258 dem,
271 1180 331 1263 qui
365 1180 464 1256 fecit,
501 1179 530 1242 si
564 1179 730 1262 suprestis
766 1181 831 1254 est,
868 1180 903 1240 et
938 1177 1196 1260 promissionem
1230 1180 1266 1242 et

143 1290 276 1352 penam,
302 1288 405 1350 quarn
427 1260 516 1331 habb
538 1286 578 1331 eo
595 1259 708 1351 editab
729 1266 899 1348 scriptura
921 1268 1080 1342 testatur,
1106 1265 1266 1349 subplere

143 1357 316 1440 cogendus
341 1359 403 1420 est.
451 1356 487 1419 Si
510 1375 590 1419 vero
614 1358 691 1439 post
711 1356 783 1419 eius
800 1353 934 1417 obitum
950 1354 1080 1429 eadem,
1105 1374 1171 1436 que
1195 1374 1266 1438 pre·

144 1446 238 1509 dicta
265 1448 331 1520 est,
362 1445 458 1508 fraus
489 1444 636 1509 inveniri
664 1442 831 1527 potuerit,
862 1442 913 1519 id,
945 1442 1037 1525 qnod
1065 1445 1165 1506 autor
1194 1464 1266 1526 spo·

144 1535 274 1618 pondit,
300 1535 399 1598 heres
423 1533 495 1597 eius
520 1537 581 1597 aut
604 1533 747 1597 heredes
772 1552 850 1596 cum
866 1551 956 1615 pena
974 1531 1080 1596 etiam
1096 1532 1266 1616 scripture

49 1689 51 1696 ,
143 1622 361 1707 conpellendi
377 1625 459 1686 sunt
474 1621 608 1706 petenti
624 1621 832 1705 persolvere;
858 1623 920 1683 aut
943 1620 973 1684 si
995 1620 1142 1685 fortasse
1157 1621 1266 1685 maior

143 1714 195 1776 est
229 1712 359 1776 autoris
395 1711 532 1795 sponsio
567 1710 622 1776 vel
656 1730 747 1795 pena
781 1730 843 1793 per
877 1710 1102 1794 scripturam⁰
1135 1713 1264 1786 taxata,

142 1821 245 1883 quam
275 1819 347 1864 esse
379 1803 515 1864 constat
543 1800 616 1865 eius
640 1799 824 1876 hereditas,
856 1799 886 1862 si
914 1798 1092 1863 noluerint
1123 1799 1265 1863 heredes

143 1889 341 1953 satisfacere
371 1909 433 1973 pro
465 1892 634 1966 autorem,
668 1889 710 1954 de
740 1888 777 1951 id
808 1887 938 1963 saltim,
970 1888 1062 1970 quod
1093 1906 1134 1951 ex
1163 1886 1266 1951 rebus

143 1978 215 2042 eius
239 1978 425 2061 possident,
456 1977 601 2061 cogendi
625 1980 707 2040 sunt
731 1976 904 2040 causidico
928 1975 1043 2038 facere
1067 1976 1265 2039 cessionem.

144 2065 243 2144 Quod
267 2067 296 2129 si
319 2066 463 2130 heredes
486 2087 557 2129 non
581 2066 660 2142 sint,
690 2059 759 2128 ab(l
786 2064 850 2139 his,
880 2062 1004 2145 quibus
1031 2082 1085 2126 res
1113 2063 1188 2145 ipsa
1210 2063 1267 2127 vel

143 2154 303 2230 facultas,
328 2173 394 2235 que
417 2152 540 2217 relicta
564 2156 625 2229 est,
657 2170 813 2236 possessa
835 2151 953 2227 inerit,
983 2150 1144 2215 universa
1166 2151 1267 2215 reddi

144 2243 241 2305 iuxta
272 2244 468 2325 presentem
500 2241 707 2305 sententiam
739 2239 930 2323 oportebit;
967 2239 1131 2303 eandem⁰
1161 2240 1266 2305 etiam

144 2331 180 2393 in
197 2331 307 2394 causis
322 2329 452 2395 talibus
467 2331 602 2394 ratione
619 2331 763 2406 servata,
789 2321 863 2403 uti,
888 2328 918 2391 si
940 2331 1139 2412 reppertum
1158 2329 1266 2394 fuerit

144 2419 279 2484 conscio
316 2418 379 2483 illo
418 2420 564 2483 eandem
600 2417 761 2482 fraudem
802 2417 1048 2495 intercessisse,
1092 2417 1129 2480 in
1167 2417 1265 2482 cuius

143 2509 281 2572 nomine
313 2508 406 2592 prior
436 2507 608 2590 scriptura
635 2507 831 2589 conscripta
859 2505 1059 2582 dinoscitur,
1090 2509 1163 2569 tam
1193 2506 1263 2585 ille,

144 2597 203 2680 qui
225 2597 320 2674 fecit,
350 2617 453 2679 quam
477 2599 568 2672 stess,
597 2595 657 2678 qui
680 2587 861 2659 consciush
889 2595 1015 2672 extitit,
1045 2596 1089 2659 cd
1112 2595 1265 2660 satisfac·

143 2687 273 2750 tionem
300 2685 534 2769 promissionis
561 2683 618 2749 vel
646 2703 743 2768 pene,
773 2704 877 2766 quam
904 2684 1072 2767 posterior
1095 2685 1266 2768 scriptura
1324 2735 1330 2747 .

144 2775 308 2851 continet,
333 2774 524 2840 secundum
544 2774 755 2855 superiorem
771 2773 926 2836 ordinem
943 2773 1112 2855 equaliter
1127 2776 1265 2837 tenean-

143 2866 201 2925 tur
225 2863 336 2946 adque
360 2863 465 2927 etiam
488 2862 587 2925 iuxta
609 2865 765 2927 tenorem
789 2861 973 2944 superioris
996 2861 1097 2945 legis:
1122 2861 1176 2925 De
1200 2861 1263 2939 his,

144 2952 203 3033 qui
226 2951 332 3015 falsas
356 2952 543 3035 scripturas
567 2951 780 3015 confecerint
790 2949 810 3027 ¹,
835 2953 871 3014 et
894 2950 930 3012 in
947 2949 1146 3033 corporibus
1170 2953 1205 3013 et
1228 2950 1266 3012 in

144 3040 245 3103 rebus
269 3040 395 3103 damna
418 3039 548 3124 pariter
570 3039 770 3104 sortiantur.

196 3321 257 3385 VI.
274 3321 489 3387 TITULUS:
522 3323 585 3385 DE
609 3321 856 3387 FALsARHs
880 3319 1213 3386 METALLORUM.

240 3463 268 3527 Ι.
305 3465 358 3529 Ι)1
387 3465 589 3548 torquendis
620 3464 725 3529 servis
755 3464 793 3527 in
821 3463 1038 3527 dominorum
1062 3463 1176 3547 capite
1204 3485 1265 3548 pro

304 3555 550 3637 corruptione²²
583 3557 720 3618 monete
751 3557 786 3618 et
816 3572 934 3617 eorum
964 3554 1170 3630 mercedem,
1207 3552 1266 3635 qui

303 3644 368 3708 hoc
392 3643 458 3706 visi
481 3643 660 3707 extiterint
682 3642 861 3707 revelasse.

217 3731 266 3795 II.
302 3732 356 3796 De
386 3732 450 3810 his,
483 3733 542 3815 qui
572 3731 699 3796 solidos
727 3735 763 3798 et
790 3723 954 3796 monetab
982 3730 1265 3795 adulteraverint.

197 3820 267 3883 III.
303 3820 357 3884 De
387 3821 451 3897 his,
483 3820 543 3903 qui
573 3824 754 3904 acceptum
784 3841 908 3883 aurum
936 3820 1079 3885 alterins
1103 3817 1262 3884 1111111111ιι

304 3909 531 3992 permixtione
555 3910 780 3993 corruperint.

251 4097 274 4144 b)
288 4097 316 4136 ab
331 4107 358 4136 eo
373 4094 446 4136 editas
460 4098 509 4140 122.
550 4099 571 4146 c)
585 4098 697 4148 scriptura
711 4100 760 4143 ΒΞ.
806 4097 829 4148 (1)
844 4101 872 4140 ab
887 4100 922 4140 1111
936 4101 980 4143 dea.
994 4101 1040 4143 121.
1082 4101 1102 4148 e)
1117 4097 1203 4139 Eadem
1218 4098 1267 4138 ΕΒ.

144 4150 260 4199 01111.
314 4152 336 4198 g)
351 4150 394 4190 1111
408 4150 457 4192 Ra
511 4150 649 4199 meonetius
664 4153 710 4195 121.

251 4202 356 4246 Tl'l'.VL
391 4204 512 4253 1011111111
526 4203 627 4243 miricas
636 4215 695 4254 para
708 4206 765 4246 docet
778 4206 826 4249 Ra.
872 4207 895 4255 b)
909 4209 1022 4246 monetam
1037 4206 1085 4248 132.
1127 4207 1147 4253 c)
1162 4215 1207 4245 non
1221 4204 1269 4248 121.

147 4345 172 4410 1)
194 4345 223 4399 V.
242 4361 328 4413 cupra
345 4361 366 4400 c.
386 4348 411 4400 2.
