3000 4934
244 372 297 424 200
431 366 508 421 LEX
527 365 642 423 VISIG.
661 364 929 420 RECOESSVIND.
967 365 1019 431 VI,
1037 368 1119 434 5,15.
1134 368 1176 421 16.

243 551 351 615 fuerit
375 551 588 625 consecutus,
614 551 650 611 in
669 548 815 632 duplum
839 547 1056 632 conpellatur
1080 549 1272 612 accusatori
1295 567 1370 632 per-

244 639 384 703 solvere.
432 638 522 702 Nam
546 638 723 702 homicidii
745 657 824 701 reus
847 657 1036 719 numquam
1060 632 1196 719 potest‘1
1224 657 1296 701 esse
1321 657 1370 700 se·

244 749 356 804 curus,
382 749 460 791 curn
484 731 604 790 contra
629 747 707 791 eum
731 726 986 789 accusationem
1003 726 1137 790 deferre
1161 725 1251 788 nulli
1274 726 1371 809 peni-

243 820 301 880 tus
325 816 467 880 licentia
491 816 691 898 denegetur.

445 1003 526 1060 XVI.
556 1001 725 1058 FLAVIUS
745 1001 1058 1058 GHINDASVINDUS
1077 1001 1164 1058 REX.

358 1116 402 1179 Si
432 1117 653 1179 homicida
683 1117 734 1180 ad
765 1115 971 1197 eclesiam
1002 1114 1247 1197 confugiat.

349 1222 450 1287 Non1
474 1243 591 1286 sumus
615 1223 828 1296 inmemores,
855 1223 897 1285 de
922 1221 1123 1285 homicidisa
1144 1224 1287 1284 actenus
1312 1221 1370 1284 ad-

244 1333 309 1395 que
339 1311 504 1376 maleficis
537 1303 712 1375 diversasb
748 1311 886 1392 quidem
921 1310 1038 1392 legum
1073 1311 1262 1374 sententias
1295 1330 1370 1392 pre·

244 1402 383 1467 cessisse
414 1403 449 1464 et
479 1401 576 1463 iuxta·
606 1399 830 1481 qualitatem⁰
864 1398 1015 1462 isceleris
1050 1419 1156 1482 penas
1192 1419 1264 1462 esse
1295 1418 1370 1482 pre-

244 1490 386 1574 positas,
426 1510 510 1571 quas
545 1487 780 1570 unusquisque
815 1508 933 1551 eorum
968 1487 1165 1552 merebatur
1200 1488 1369 1570 excipere.

244 1579 386 1654 Tamen,
421 1579 502 1660 quia
532 1577 686 1659 nequitie
717 1576 819 1639 huius
850 1580 1003 1652 autores,
1040 1579 1169 1658 quanto
1198 1576 1236 1638 in
1266 1575 1369 1638 malis

244 1665 391 1750 amplius
421 1666 549 1748 promti
580 1669 674 1740 sunt,
706 1667 807 1728 tanto
838 1666 882 1728 ad
912 1665 1129 1728 evadendum
1159 1664 1370 1747 supplicium

243 1754 463 1818 hoccasiones
480 1774 560 1837 sepe
577 1753 789 1838 pretendunt
813 1774 852 1817 ac
874 1773 909 1816 se
927 1753 1129 1837 plerumque
1145 1753 1370 1817 basilicarum

244 1843 311 1907 Dei
328 1843 527 1907 defensione
545 1841 766 1918 conmittunt,
784 1842 843 1924 qui
859 1845 980 1905 contra
995 1843 1151 1906 divinum
1165 1844 1370 1925 preceptum

244 1932 373 1996 scelera
403 1934 600 2015 perpetrare
628 1951 698 1994 non
721 1934 893 1994 metuunt.
940 1930 1035 2008 Ideo,
1068 1932 1148 2012 quia
1177 1950 1370 2012 numquam

244 2021 348 2086 debet
364 2022 429 2084 hoc
445 2021 556 2084 scelus
572 2019 724 2083 inultum
738 2019 897 2102 relinqui,
923 2021 1013 2101 quod
1038 2023 1073 2083 et
1096 2020 1203 2083 vitam
1228 2019 1370 2102 perimit

244 2113 280 2173 et
310 2110 525 2191 quorundam
555 2112 688 2174 mentes
724 2109 768 2172 ad
800 2109 950 2172 deterius
984 2109 1186 2190 frequenter
1216 2107 1368 2191 inpellit,

244 2198 310 2262 hoc
342 2193 468 2262 ornue‘1
502 2218 563 2281 per
594 2219 695 2262 evum
726 2217 925 2261 mansurum
958 2197 1079 2260 damus
1111 2197 1278 2260 edictum:
1314 2200 1368 2273 ut,

244 2307 492 2369 quemcumque
523 2287 732 2350 homicidam
761 2306 821 2350 seu
849 2285 1045 2349 maleficum
1073 2285 1130 2349 lex
1157 2285 1272 2369 puniri
1295 2306 1371 2369 pre·

245 2375 339 2458 cipit,
369 2379 405 2438 et
428 2378 593 2458 preterea,
624 2374 682 2456 qui
706 2395 747 2438 ex
771 2395 832 2437 suo
857 2375 1022 2457 disposito
1045 2374 1101 2438 vel
1125 2374 1215 2437 male
1238 2373 1369 2437 volum·

243 2464 327 2527 tatis
351 2464 518 2526 adsensu⁰
546 2462 618 2527 tale
641 2462 739 2526 nefas
764 2464 959 2540 committit,
990 2462 1089 2526 nulla
1117 2463 1209 2526 hunc
1233 2463 1368 2527 occasio

243 2550 409 2633 nullaque
439 2570 603 2633 umquam
634 2550 676 2614 ab
707 2545 794 2614 hacf
822 2552 995 2616 sententia
1025 2554 1178 2634 potestas
1209 2555 1367 2628 excuset;

244 2641 304 2704 sed
328 2640 442 2716 etiam,
472 2640 501 2702 si
526 2640 709 2723 contigerit
733 2660 812 2703 eum
836 2641 879 2703 ad
903 2640 1014 2704 altare
1038 2643 1196 2704 sanctum
1219 2641 1368 2704 fortasse

244 2729 440 2812 confugere,
465 2750 535 2792 non
559 2730 698 2811 quidem
721 2733 896 2812 presumat
920 2749 999 2792 eum
1023 2728 1151 2812 absque
1175 2727 1366 2792 consultug

244 2817 429 2881 sacerdotis
464 2821 662 2901 persecutor
695 2819 767 2881 eius
803 2818 1019 2895 abstrahere;
1057 2817 1214 2881 consulto
1249 2821 1369 2881 tamen

244 2907 422 2970 sacerdote
446 2927 486 2970 ac
508 2907 645 2971 reddito
668 2910 892 2982 sacramento,
921 2927 965 2970 ne
990 2908 1137 2970 eundem
1160 2905 1369 2970 sceleratum

243 2995 383 3080 publica
406 2996 526 3059 mortis
549 2989 665 3080 penall
692 2996 907 3070 condemnet,
938 2995 1094 3059 sacerdos
1123 3016 1202 3059 eum
1230 3016 1292 3059 sua
1318 2994 1368 3057 in·

242 3085 399 3148 tentione
423 3085 466 3147 ab
491 3077 632 3148 altarioi
658 3083 806 3166 repellat
830 3087 865 3148 et
890 3087 986 3148 extra
1010 3104 1127 3147 corum
1150 3084 1305 3167 proiciat,
1331 3087 1368 3147 et

244 3173 291 3236 sic
308 3173 377 3248 1116,
395 3173 454 3256 qui
471 3194 549 3237 eum
565 3173 790 3256 persequitur,
809 3173 1082 3257 conprehendat;
1102 3167 1183 3236 cuik
1202 3172 1245 3236 ab
1262 3172 1367 3237 eccle-

243 3263 294 3326 sia
317 3261 426 3325 eiecto
450 3283 520 3325 non
544 3262 629 3325 alias
653 3261 815 3325 mortales
838 3261 968 3325 inferat
992 3282 1107 3346 penas,
1135 3261 1203 3325 nisi
1230 3280 1367 3325 omnem

243 3350 421 3415 oculorum
455 3351 529 3414 eius
559 3351 724 3415 visionem
760 3351 941 3433 extinguat
976 3354 1011 3414 et
1041 3351 1090 3413 sic
1120 3351 1165 3414 ad
1195 3343 1360 3413 aliorum¹
1396 3383 1421 3420 v.

242 3442 408 3504 terrorem
443 3439 631 3504 infeliciter
660 3440 833 3503 victurum
864 3440 1035 3516 dimittat;
1067 3441 1251 3521 quatenus,
1284 3438 1368 3501 dum

242 3528 413 3592 malorum
436 3529 588 3612 pravitas
614 3528 780 3611 conspicit
805 3529 996 3592 constituta
1019 3528 1084 3591 sibi
1108 3527 1279 3611 supplicia
1294 3547 1367 3611 pre-

242 3617 346 3680 terire
369 3637 440 3679 non
462 3636 570 3701 posse,
593 3616 649 3679 vel
672 3619 768 3679 metu
792 3616 906 3679 saltim
930 3618 1073 3680 territus
1098 3637 1118 3680 a
1139 3615 1240 3679 malis
1264 3615 1367 3679 absti-

242 3708 334 3781 neat,
364 3725 430 3786 que
454 3704 544 3768 male
567 3704 770 3768 volumtatis
793 3705 942 3768 intentio
967 3706 1011 3768 ad
1034 3705 1208 3768 inlicitum
1230 3704 1368 3767 facinus

243 3794 365 3876 sponte
389 3798 501 3876 sepem
525 3793 719 3877 precipitat.

349 3999 600 4101 ppvpotep)rppfflcidiis
614 4055 660 4096 121.
702 4054 725 4101 b)
740 4051 831 4093 diversa
845 4055 892 4096 131.
933 4057 954 4103 c)
968 4055 1078 4103 qualitate
1093 4055 1139 4097 Rl.
1180 4053 1203 4102 d)
1219 4064 1307 4094 omnem
1321 4053 1368 4096 131.

243 4111 264 4157 c)
278 4105 399 4147 adsensum
413 4109 459 4151 Rl.
506 4108 598 4157 0111116
614 4108 661 4150 ΒΙ.
708 4108 731 4157 g)
746 4108 873 4147 consultum
887 4108 932 4151 Rl.
980 4109 1004 4155 h)
1018 4119 1099 4157 penam
1113 4110 1160 4151 Rl.
1206 4107 1368 4157 1)6111111112.

243 4161 381 4210 11)(1111111,
437 4163 452 4209 1)
466 4162 562 4201 alterum
578 4162 624 4204 Rl.
679 4161 808 4212 m)scR1.

246 4341 271 4406 1)
290 4340 331 4404 Of.
350 4342 429 4404 infra
448 4339 500 4406 IX,
520 4342 554 4401 3,·
577 4339 668 4406 Dchn,
690 4339 813 4404 ‘Kdniye'
830 4337 895 4404 1'12,
913 4357 940 4407 p.
960 4341 1013 4393 375
1026 4356 1063 4406 sq.
