3000 4934
398 372 478 429 LEX
496 373 612 431 VISIG.
630 373 899 431 Rnocnssvmu.
936 373 976 443 H,
994 380 1020 443 2,
1040 378 1063 431 1.
1083 379 1108 431 2.
1282 379 1316 432 59

270 558 319 622 II.
336 556 552 623 TITULUS:
577 558 639 622 DE
663 557 976 623 NEGOTIORUM
999 557 1237 623 EXORDIIS.

288 701 317 764 I.
354 699 455 779 Quod
484 699 602 764 nullus
631 720 666 764 se
693 701 772 764 ideo
803 701 994 783 denegare³
1021 701 1151 784 poterit
1180 721 1316 784 respon·

354 790 434 854 dere
476 789 625 873 petenti,
670 810 775 872 quare
819 782 977 853 causamb
1021 811 1099 853 cum
1140 782 1311 873 petentisb

353 880 494 942 auctore
517 899 587 942 non
611 879 747 942 dixerit.

265 968 315 1033 II.
346 967 401 1031 Ut
430 966 528 1030 nullo
559 967 756 1032 audientia⁰
790 967 938 1032 clamore
973 971 1034 1030 aut
1064 967 1216 1030 tumulto
1246 970 1315 1029 tur·

352 1056 463 1120 betur.

245 1145 315 1210 ΠΙ.
350 1145 401 1209 Ut
425 1145 467 1209 de
491 1144 649 1229 plurimis
672 1144 908 1227 litigatoribus
932 1146 1000 1208 duo
1022 1143 1205 1227 eligantur,
1231 1140 1312 1227 quid

352 1237 512 1316 suscepta
533 1232 674 1297 valeant
697 1233 857 1316 expedire
880 1229 1055 1316 negotiad.

225 1322 316 1387 IIII.
350 1322 400 1386 Ut
429 1321 528 1385 ambe
559 1324 675 1405 partes
699 1322 915 1385 causantium
939 1326 978 1385 ae
1007 1323 1121 1387 iudice
1143 1322 1199 1386 vel
1223 1344 1243 1384 a
1266 1343 1314 1385 sa-

350 1411 429 1476 ione
453 1404 535 1495 perf
557 1410 724 1495 placitum
748 1410 1011 1494 distringantur,
1036 1415 1127 1494 quo&
1152 1403 1310 1494 possinth

352 1500 396 1563 ad
419 1500 695 1583 prosequendum
717 1500 896 1583 negotium
919 1500 1048 1583 pariter
1071 1500 1263 1564 convenire.

273 1588 314 1652 V.
351 1587 451 1667 Quod
475 1588 518 1651 ab
534 1591 681 1671 utraque
705 1589 922 1652 causantium
945 1581 1062 1672 parte¹
1086 1589 1132 1652 sit
1154 1589 1313 1672 probatio

350 1678 567 1760 requirenda.

252 1766 313 1830 VI.
349 1765 403 1831 De
427 1766 622 1849 quantitate
645 1766 790 1844 itineris,
822 1768 913 1850 quod
944 1760 1073 1830 aliumk
1099 1767 1242 1849 quisque
1265 1767 1313 1829 in·

349 1857 496 1919 nocente
519 1855 668 1938 fatigare
692 1856 925 1940 presumserit.

167 1989 170 1993 -
230 1943 313 2008 VII.
349 1943 386 2007 Si
409 1944 556 2027 quilibet
580 1965 621 2008 ex
645 1944 788 2008 alterius
811 1944 935 2008 iudicis
963 1947 1136 2027 potestate
1166 1945 1202 2007 in
1231 1944 1312 2007 alte·

349 2033 420 2096 rius
443 2033 568 2096 iudicis
591 2027 783 2097 territorio¹
814 2033 942 2096 habeat
966 2052 1114 2095 causam.

211 2121 314 2185 VIII.
350 2120 403 2186 De
427 2121 491 2199 his,
516 2122 576 2204 qui
598 2122 636 2184 in
652 2121 763 2185 causis
787 2121 908 2185 alienis
932 2121 1148 2204 patrocinare
1165 2140 1313 2205 presum-

350 2211 458 2274 serint
466 2215 500 2271 ¹¹¹.

189 2298 313 2363 VIIII.
348 2299 398 2363 Ut
428 2299 562 2383 petenti
597 2319 693 2363 servo
727 2298 840 2362 alieno
874 2298 1108 2382 respondere¹¹
1140 2298 1312 2381 ingenuus

349 2409 420 2452 non
442 2390 589 2453 recuset.

734 2559 758 2617 Ι.

189 2669 310 2750 Quod
334 2671 486 2735 nullus
510 2693 552 2737 se
575 2673 674 2737 ideo
699 2673 916 2756 denegare
944 2672 1114 2756 poterit
1137 2691 1311 2755 respon·

189 2760 289 2826 dere
335 2761 526 2844 petenti,
578 2782 709 2845 quare
756 2781 928 2826 causam
975 2782 1066 2824 cum
1112 2760 1310 2845 petentis

466 2853 715 2914 auctorem²
741 2872 825 2914 non
856 2850 1031 2914 dixerit.

294 2954 422 3019 Nullus
452 2949 722 3039 quemcumqueb
755 2960 971 3040 repetentem
1002 2960 1061 3020 ac⁰
1093 2956 1306 3021 obiectione⁰

188 3043 390 3126 suspendat,
424 3047 465 3107 ut
496 3045 589 3108 dicat
619 3045 747 3108 idcirco
778 3065 814 3108 se
843 3065 913 3109 non
944 3065 1043 3128 posse
1074 3045 1116 3109 de
1146 3039 1309 3127 negotiod

188 3130 373 3206 conveniri,
405 3131 486 3212 quia
508 3131 578 3208 ille,
604 3132 663 3214 qui
685 3133 811 3215 pulsat,
837 3151 975 3196 causam
999 3154 1078 3197 cum
1101 3133 1174 3197 eius
1198 3135 1312 3195 aucto-

187 3221 280 3281 rem0
308 3238 378 3280 non
404 3219 529 3282 dixerit
552 3240 616 3284 nec
640 3239 719 3283 eum
743 3218 859 3302 aliqua
881 3221 1089 3303 repetitione
1112 3220 1310 3303 pulsaverit,

189 3299 354 3389 exceptof
382 3306 411 3370 si
434 3306 551 3390 legum
573 3311 730 3390 tempora
753 3307 914 3371 obviarel
940 3307 1193 3372 monstraverit.

408 3496 447 3554 H.
478 3495 648 3553 FLAVIUS
667 3494 982 3552 OHINDASVINDUS
1000 3495 1087 3553 REX.

232 3609 288 3673 Ut
320 3609 446 3674 nullo
477 3610 710 3676 audientia
740 3609 929 3676 clamore
964 3613 1040 3675 aut
1073 3609 1266 3674 tumulto

637 3700 855 3765 turbetur.

294 3805 484 3870 Audientia
513 3827 583 3870 non
609 3809 762 3871 tumulto
787 3810 848 3870 aut
871 3806 1020 3872 clamore
1047 3807 1219 3885 turbetur,
1251 3808 1311 3872 sed

186 3892 223 3956 in
239 3895 338 3976 parte
355 3894 476 3977 positis
492 3895 552 3978 qui
568 3915 705 3960 causam
721 3917 792 3960 non
808 3896 948 3974 habent,
973 3896 1026 3959 illi
1042 3896 1107 3960 soli
1130 3896 1167 3958 in
1182 3896 1310 3960 iudicio

295 4100 424 4143 munaus
439 4101 469 4143 IL
503 4101 741 4152 Indacapuuzorum.
781 4105 805 4151 n)
818 4100 926 4153 denegari
939 4104 989 4147 1³1.
1049 4103 1073 4152 b)
1087 4114 1155 4145 uuna
1169 4103 1311 4154 conpetentis

186 4159 303 4196 auctorem
317 4155 367 4198 ΕΙ.
449 4157 470 4203 c)
483 4152 615 4196 audientiae
628 4156 678 4198 121.
759 4153 783 4205 d)
797 4156 836 4206 qul
850 4178 877 4187 -
890 4157 982 4207 norom
995 4158 1039 4200 dee.
1053 4157 1102 4201 Rl.
1183 4160 1205 4207 e)
1218 4154 1248 4198 od
1261 4158 1311 4200 121.

186 4208 275 4256 odom
289 4207 338 4251 ΒΞ.
399 4210 422 4256 ι)
436 4205 497 4256 quod
512 4208 566 4260 1325
588 4218 633 4257 quo
647 4229 674 4238 -
688 4209 811 4250 convenire
825 4210 868 4255 du.
882 4210 931 4251 121.
993 4210 1018 4260 h)
1031 4211 1107 4260 posint
1120 4210 1169 4254 122.
1230 4211 1247 4261 l)
1260 4221 1312 4259 par·

187 4266 232 4301 tom
247 4262 296 4305 121.
358 4261 483 4310 klobtllo
499 4260 547 4304 121.
608 4260 625 4309 l)
639 4262 778 4303 territorium
793 4263 842 4306 131.
895 4262 1101 4312 m)roluerltRl.
1154 4264 1310 4312 nldmtltl.

294 4315 312 4356 1.
353 4317 376 4363 ι)
389 4319 469 4355 tutore
483 4315 533 4356 ΒΞ.
586 4314 610 4364 b)
624 4325 765 4365 quocumque
779 4316 828 4358 121.
882 4319 903 4366 e)
917 4317 1013 4367 itam,-
1027 4317 1117 4358 eodone
1131 4316 1180 4361 121.
1234 4313 1311 4365 (1)ηο-

186 4366 255 4414 gotllr
269 4366 318 4410 121.
373 4369 395 4416 e)
409 4372 512 4408 sutorem
526 4367 575 4412 122.
630 4365 685 4416 old
699 4373 792 4419 accepto
807 4369 855 4413 Ra.
909 4370 932 4422 ς)
947 4370 1114 4413 oblatorem.
